2326 3502
1028 187 1217 215 —x—

166 307 380 363 seguente
397 304 545 348 citano
562 304 789 361 l'operetta
811 302 1036 359 dantesca,
1057 315 1189 347 senza
1211 302 1403 363 peraltro
1424 303 1700 363 aggiungere
1721 300 2004 350 indicazione
2026 304 2073 349 di

167 380 353 434 stampe,
370 375 458 420 due
473 375 703 420 stranieri:
726 375 756 418 il
781 375 1048 432 Beyerlinck
1065 374 1188 419 nella
1208 387 1289 419 sua
1310 373 1586 432 ferruginosa
1601 387 1734 434 opera
1751 375 1972 422 intitulata
1992 377 2075 419 Ma-

166 461 301 502 9num
318 449 532 491 theatrum
547 450 660 490 vitae
676 448 903 489 humanae
917 446 990 502 (1),
1012 460 1102 492 ecc.
1118 460 1144 493 e
1167 447 1202 490 il
1224 445 1391 492 Freher
1405 445 1491 503 (2);
1511 459 1584 491 ma
1601 459 1692 491 non
1711 446 1802 492 l'ha
1817 447 1934 492 vista
1950 448 1984 492 il
2001 461 2077 492 no·
2115 464 2117 466 ¹

167 517 257 565 'stro
278 518 417 563 Gaddi
436 518 521 576 (3);
540 531 668 563 come
687 531 778 562 non
797 516 981 562 l'hanno
1004 518 1120 562 vista
1137 518 1211 563 nel
1228 517 1377 563 secolo
1393 516 1719 565 decimottavo:
1740 518 1774 562 il
1791 518 1923 577 Negri
1941 517 2013 575 (4),
2034 519 2077 563 lo

170 590 283 636 Zeno
299 589 374 646 (5),
397 589 431 633 il
453 589 613 634 Cinelli
635 588 709 646 (6),
732 589 764 632 il
783 589 1011 634 Bettinelli
1032 588 1094 645 (7)
1114 602 1139 633 e
1162 588 1195 632 il
1217 587 1491 644 Tirabosehi‚
1507 588 1542 632 il
1558 589 1691 646 quale
1715 588 1814 632 anzi
1838 584 2078 634 manifesta

169 661 202 705 il
226 660 396 705 dubbio
427 659 510 705 che
542 660 581 705 si
611 659 732 704 tratti
756 659 879 704 d'un'
903 677 928 699 «
951 660 1198 718 impostura
1221 677 1245 699 ›
1270 659 1493 707 letteraria
1514 658 1590 716 (8).
1612 659 1768 705 Anche
1789 660 1823 704 il
1846 660 2079 705 continua-

171 736 265 777 tore
284 731 371 776 -del
403 731 581 787 Cinelli,
615 731 715 775 vale
748 744 774 775 a
804 730 901 775 dire
936 731 969 774 il
1002 731 1046 774 P.
1078 731 1278 775 Mariano
1310 730 1466 788 Ruele,
1509 734 1614 776 noto
1650 730 1773 775 nel-la
1814 730 2082 789 repubhlica

170 803 394 848 letteraria
425 803 495 847 col
528 815 662 847 nome
683 801 732 846 di
764 801 940 846 Gilasoo
971 801 1195 859 Dodoneo,
1230 815 1314 859 pur
1335 801 1561 847 riferendo
1593 814 1673 860 per
1690 801 1861 847 disteso
1882 801 1917 846 il
1938 802 2079 860 lungo

170 874 299 919 titolo
330 873 413 918 che
443 874 482 917 si
516 874 644 932 legge
675 874 752 919 nel
790 873 1080 931 frontespizio
1121 873 1242 919 della
1285 872 1429 932 prima
1470 876 1658 932 stampe,
1698 886 1791 918 non
1832 877 1999 918 mostra
2029 872 2076 917 di
2127 915 2129 918 ,

169 957 316 990 essere
338 950 492 1003 troppo
524 944 639 989 bene
673 944 929 1002 informato,
952 944 1138 1003 giacche
1160 945 1410 1004 soggiunge
1453 944 1538 990 che
1561 943 1801 992 l‘edizione
1821 957 1899 991 era
1918 958 1942 987 ‹
1965 942 2079 988 in-lno

168 1099 267 1137 toria
297 1099 532 1136 Bibliotheca
558 1098 791 1145 amplificata
810 1109 878 1145 per
902 1098 1083 1134 Ioannem
1108 1098 1275 1134 laconum
1301 1097 1470 1134 Fmsmu
1511 1097 1742 1144 murinum.
1767 1096 1898 1142 Habes,
1922 1099 1990 1134 etc.
2019 1097 2080 1134 ‘ri-

170 1159 265 1205 guri,
291 1158 496 1195 Excudebat
521 1157 804 1205 Christophorus
829 1157 1093 1193 Froschoverns
1118 1156 1225 1192 Anno
1251 1156 1552 1203 M.D.1,xxxm,
1577 1157 1619 1193 in
1642 1157 1691 1193 fo.
1706 1157 1738 1193 Δ
1755 1167 1840 1204 pgg.
1859 1156 1968 1193 185-(5
1985 1158 2082 1193 sotto

170 1218 207 1254 la
232 1218 356 1266 parola
380 1218 523 1255 Dantee
547 1217 722 1264 Aliqerus
747 1216 779 1253 si
804 1216 931 1264 legge:
959 1227 978 1251 «
998 1216 1156 1252 Natione
1181 1216 1312 1259 Italus,
1340 1216 1460 1264 patria
1483 1215 1728 1258 Florentinum
1765 1216 1911 1264 scripsit
1938 1227 2082 1255 ,comoe-

169 1277 310 1314 diarum
337 1277 402 1314 lib.
434 1279 464 1320 l,
490 1277 543 1313 De
566 1276 776 1313 monarchia
800 1275 926 1312 mundi
951 1275 1017 1312 lib.
1045 1279 1078 1318 1,
1103 1276 1275 1324 epistolas
1295 1276 1428 1323 plures,
1444 1276 1738 1324 Disputationem
1753 1275 1797 1312 de
1810 1287 1902 1324 aqna
1917 1278 1954 1312 et
1970 1278 2082 1320 terra,

170 1348 260 1384 quae
283 1326 455 1372 Mantuae
476 1336 564 1372 olim
590 1334 772 1382 inchoata,
797 1335 938 1371 Verona
961 1334 1079 1372 decisa
1103 1338 1183 1371 est:
1207 1335 1358 1372 libellus
1396 1347 1543 1372 excusus
1581 1335 1746 1372 Venetiis
1781 1346 1877 1372 anno
1907 1334 1952 1371 D.
1982 1334 2083 1372 1508.

153 1387 340 1433 'Eiusdem
365 1396 526 1432 carmina
549 1395 591 1431 de
616 1395 760 1431 inferno
784 1407 807 1434 »
832 1397 899 1431 etc.
926 1415 968 1422 —
996 1394 1048 1430 Lo
1073 1397 1183 1431 stesso
1207 1394 1239 1431 si
1279 1394 1383 1442 legge
1408 1394 1508 1431 nella
1534 1394 1576 1430 1⁸
1600 1394 1762 1431 edizione
1785 1394 1824 1431 di
1849 1394 2083 1443 quest’opera,

171 1456 287 1492 ascita
310 1456 364 1492 col
390 1455 499 1491 titolo
522 1454 561 1491 di
588 1455 688 1491 Bibl.
715 1454 958 1496 universalis,
983 1454 1043 1490 nel
1071 1454 1175 1497 1545,
1199 1453 1240 1490 in
1265 1454 1319 1497 80,
1343 1465 1371 1490 c.
1400 1455 1509 1491 193.r.
1535 1453 1636 1492 Ibid.

289 1516 342 1561 (1)
369 1515 552 1561 Maynum
577 1515 763 1551 theatrum
788 1515 887 1551 vitae
902 1515 1099 1559 humanae,
1116 1515 1183 1550 hoc
1199 1518 1251 1550 eet
1267 1514 1628 1552 rerumvdivinarum
1652 1515 1972 1560 humanarumque
1995 1525 2083 1562 eyn·

171 1580 292 1621 tayma
317 1575 548 1618 catholicum,
568 1574 878 1621 philosophicum,
902 1574 1126 1618 historicum,
1142 1574 1388 1621 dogmaticum
1413 1579 1477 1612 etc.
1501 1575 1664 1611 Auctore
1688 1575 1907 1611 Lamtmo
1934 1574 2086 1610 Bula-

176 1642 301 1670 mncx.
329 1634 504 1671 Coloniae
527 1633 765 1681 Agrippinae.
791 1633 1002 1680 Sumptibus
1037 1633 1192 1669 Antonii
1228 1636 1264 1669 et
1300 1633 1455 1670 Arnoldi
1492 1634 1724 1670 Hieratorum
1762 1634 1944 1671 Fratrum.
1979 1632 2085 1671 Anno

177 1693 413 1731 MDCXXXI.
439 1695 527 1731 Cum
555 1693 662 1740 priv-3
687 1694 727 1729 in
752 1693 800 1729 fo.
824 1692 894 1729 Nel
919 1695 968 1730 to.
994 1693 1014 1729 I
1038 1704 1073 1740 p.
1100 1693 1168 1730 498
1195 1694 1271 1730 alla
1297 1695 1419 1742 parola
1449 1695 1585 1741 Aqua:
1623 1707 1643 1729 ‹
1663 1694 1862 1742 Scriptum
1893 1693 1937 1730 de
1961 1693 2083 1741 aquis:

171 1754 214 1790 L.
239 1753 407 1790 Annaeus
433 1751 564 1789 Seneca
586 1756 651 1789 eto.
678 1752 731 1788 De
754 1763 846 1800 aqna
870 1755 906 1788 et
931 1755 1029 1788 terra
1051 1751 1251 1801 disputatio
1275 1754 1409 1790 Dantis
1436 1765 1455 1790 ›>
1482 1756 1550 1791 etc.

289 1813 338 1858 (2)
366 1812 485 1848 PAULI
516 1811 702 1858 FBEREBI,
731 1812 931 1848 Theatrum
966 1811 1129 1849 virorum
1164 1813 1373 1850 eruditione
1397 1813 1582 1850 clarorum
1619 1816 1701 1857 etc„
1735 1812 1960 1860 Noribergae
1991 1813 2083 1859 (cic).

173 1873 351 1921 Impensis
375 1873 430 1910 Io.
455 1872 654 1909 Hofmanni
674 1876 710 1909 et
734 1871 836 1919 typis
853 1871 1046 1908 haeredum
1064 1871 1226 1908 Andreae
1242 1871 1406 1915 Knorzii,
1421 1872 1784 1915 M.D0.Lxxxv111‚
1799 1883 1882 1920 pag.
1903 1872 2080 1909 1421-22:

175 1945 195 1968 4<
221 1932 431 1980 Disputatio
455 1932 498 1968 de
524 1943 616 1978 aqua
640 1934 677 1967 et
701 1934 801 1967 terra
824 1942 914 1979 quae
938 1931 1106 1967 Mantuae
1132 1931 1302 1968 inchoata
1325 1933 1486 1968 Veronae
1510 1943 1595 1968 vero
1619 1931 1738 1968 decisa
1759 1934 1815 1968 est
1839 1942 1859 1967 ›>
1884 1933 1950 1968 eto.

296 1994 345 2038 (3)
372 1992 437 2038 Op.
466 1992 553 2035 Cic„
579 1992 605 2027 l.
630 1991 692 2027 cit.

289 2054 339 2097 (4)
366 2051 503 2089 Istoria
526 2051 622 2098 degli
645 2051 810 2087 scrittori
835 2050 1039 2095 florentini,
1066 2050 1105 2086 la
1130 2050 1242 2096 quale
1267 2051 1466 2087 abbraccia
1490 2051 1639 2088 intorno
1661 2063 1686 2087 α
1715 2051 1787 2087 due
1817 2050 1912 2088 mila
1944 2051 2085 2097 autori,

173 2122 241 2146 ecc.
267 2109 384 2158 Opera
406 2113 571 2158 postuma
595 2109 653 2147 del
679 2122 712 2157 p.
739 2109 877 2146 Glumo
901 2109 1027 2145 Nmm
1053 2121 1121 2146 ecc.
1146 2109 1192 2146 In
1219 2110 1384 2156 Ferrara,
1409 2109 1661 2147 MDCCXXII.
1687 2110 1757 2146 Per
1773 2109 2000 2146 Bernardino
2016 2109 2085 2146 Po-

175 2169 318 2205 matelli
343 2172 559 2217 stampatore
582 2169 771 2205 vescovile.
797 2169 872 2206 Con
898 2168 958 2204 lic.
984 2167 1020 2204 d.
1046 2167 1142 2216 Sup.;
1168 2169 1209 2204 in
1234 2169 1282 2205 fo.
1307 2168 1338 2204 A
1376 2180 1458 2216 pag.
1494 2169 1561 2205 141
1587 2171 1681 2205 sotto
1717 2169 1842 2206 Dante
1877 2168 2084 2215 Aliyhieri:

175 2239 194 2261 «
212 2227 484 2274 Disputationes
508 2228 550 2264 de
575 2228 676 2276 Aque.
699 2231 735 2263 et
758 2227 878 2272 Tertii,
903 2239 1002 2275 quas,
1028 2231 1069 2263 nt
1094 2228 1213 2272 aiunt,
1238 2226 1420 2271 Mantuae,
1449 2228 1588 2276 incepit
1613 2231 1649 2264 et
1674 2228 1833 2264 Veronae
1857 2227 2065 2264 absolvit».

295 2287 343 2331 (5)
372 2287 513 2324 Lettere
538 2288 580 2324 di
606 2288 796 2323 Arosrono
820 2287 931 2323 Zlmo.
957 2287 1002 2323 In
1027 2287 1194 2330 Venezia,
1221 2287 1324 2324 1752.
1352 2289 1528 2335 Appresso
1553 2288 1675 2324 Pietro
1699 2288 1926 2324 Valvasense.
1946 2290 1968 2324 3
1993 2286 2083 2324 voll.

177 2346 218 2381 in
242 2346 293 2382 80.
321 2346 391 2382 Nel
417 2346 488 2382 vol.
515 2346 627 2394 II,·p.
653 2346 735 2388 304,
760 2356 817 2383 n.⁰
845 2347 922 2388 153,
948 2346 979 2382 si
1006 2347 1114 2393 legge
1140 2348 1198 2382 tra
1222 2346 1348 2383 l’altro
1373 2347 1413 2383 in
1441 2359 1511 2383 nna
1541 2347 1671 2383 lettera
1705 2346 1828 2383 datata
1863 2346 1909 2382 da
1933 2346 2088 2389 Vienna,

175 2405 198 2440 4
223 2404 291 2441 dic.
319 2406 411 2442 1723
435 2405 472 2441 al
497 2417 531 2454 p.
560 2406 646 2442 Pier
670 2404 841 2443 Cateriuo
870 2405 965 2440 Zeno
990 2404 1055 2441 che
1078 2416 1193 2441 aveva
1208 2405 1426 2454 consigliata
1448 2406 1487 2442 al
1511 2406 1622 2453 Volpi
1648 2406 1686 2442 la
1716 2405 1889 2453 ristampa
1920 2404 1959 2441 di
1991 2407 2087 2442 tutte

176 2464 211 2500 le
235 2475 338 2512 opere
361 2464 400 2500 di
427 2464 565 2501 Dante:
599 2481 617 2498 «
634 2463 898 2513 Bisognerebbe
923 2466 1024 2511 poter
1049 2466 1192 2501 trovare
1216 2476 1266 2499 nn
1291 2465 1388 2501 altro
1413 2464 1510 2501 libro
1535 2464 1724 2501 intitolato
1750 2477 1770 2500 ‹
1789 2464 1922 2500 Dantis
1938 2462 2086 2500 Floren-

175 2523 250 2559 tini
273 2524 435 2571 quaestio
470 2525 513 2560 de
550 2527 680 2561 natura
704 2524 854 2561 duorum
881 2524 1139 2560 elementorum
1163 2534 1275 2572 aquae
1299 2526 1335 2559 et
1370 2526 1486 2559 terrae
1517 2534 1539 2559 a
1575 2523 1755 2559 Moncetto
1780 2523 1888 2560 edita.
1922 2522 2086 2559 Venetiis

179 2583 282 2629 1508,
307 2583 348 2619 in
373 2584 415 2620 4⁰
427 2595 460 2621 ».
1344 2628 1346 2630 ,

294 2644 345 2688 (6)
372 2644 455 2680 G10.
480 2644 639 2682 omnm
665 2645 838 2691 cavom,
863 2645 1070 2682 Biblioteca
1093 2644 1240 2682 volante
1276 2644 1501 2682 continuata
1527 2645 1578 2681 da
1614 2645 1723 2681 D1os.
1748 2645 1905 2680 Annam
1930 2643 2088 2680 sisois-

177 2709 262 2737 SANI
288 2701 388 2738 Ediz.
412 2703 573 2746 seconde,
596 2704 764 2744 Venezia.
787 2703 949 2740 Albrizzi
974 2703 1154 2747 1734-47;
1180 2704 1203 2739 4
1229 2706 1277 2740 to.
1303 2703 1343 2739 in
1368 2703 1419 2741 4⁰.
1440 2703 1504 2740 Sia
1533 2705 1574 2740 in
1598 2707 1722 2753 questa
1749 2702 1899 2741 seconde
1926 2702 2087 2740 edizione

178 2773 275 2798 come
291 2761 389 2797 nelIa
406 2763 523 2809 prima
547 2763 577 2799 si
602 2765 679 2799 tace
702 2762 800 2799 della
828 2763 1014 2810 Quaestio.
1449 2791 1456 2797 .

296 2821 346 2867 (7)
371 2821 677 2868 Ilrisorqimento
690 2823 848 2860 d’Italia
862 2823 960 2869 neqli
972 2823 1079 2860 studi
1096 2822 1189 2859 nelle
1206 2822 1284 2860 arti
1301 2833 1320 2859 e
1335 2823 1396 2860 nei
1422 2824 1577 2860 costumi
1602 2823 1738 2871 dopoil
1761 2823 1869 2859 mille.
1897 2822 2004 2859 Parte
2036 2822 2086 2859 1³.

178 2880 291 2926 Neqli
327 2881 442 2923 studi,
475 2881 752 2927 Milletrecento,
781 2894 856 2930 cap.
891 2884 941 2926 5ο,
978 2894 1059 2930 pag.
1103 2883 1169 2919 157
1211 2881 1268 2919 del
1301 2894 1356 2919 vo.
1395 2883 1435 2919 3⁰
1468 2882 1563 2919 delle
1599 2882 1724 2930 Opere,
1763 2881 1930 2925 Venetia,
1962 2881 2088 2924 Zatta,

181 2939 283 2982 1780,
308 2939 348 2975 in
377 2939 431 2976 8⁰.
1999 2960 2003 2965 -

295 3000 347 3042 (8)
371 2999 499 3037 Storia
523 3001 622 3037 della
648 3002 762 3038 letter.
787 3002 883 3045 ital„
907 3004 956 3039 to.
982 3001 1025 3038 V.
1056 3001 1165 3038 Parte
1203 3000 1258 3043 2⁸,
1291 3001 1440 3046 Milano,
1476 3001 1623 3049 Tipogr.
1660 3001 1694 3038 d.
1732 3000 1843 3038 class.
1882 2999 1941 3043 lt„
1983 2997 2087 3043 1823,

178 3068 213 3103 p.
239 3057 390 3093 725-26:
417 3070 435 3093 «
453 3058 618 3096 Un'altra
641 3060 785 3107 disputa
811 3060 979 3097 filosofica
1003 3060 1110 3106 (oltre
1131 3071 1153 3096 a
1176 3060 1300 3107 quella
1323 3060 1362 3096 di
1386 3061 1528 3108 Parigi)
1553 3061 1589 3098 ei
1613 3063 1725 3097 tenne
1749 3059 1811 3096 nel
1837 3059 1928 3095 1320
1953 3059 1994 3094 in
2018 3058 2092 3095 Ve-v

177 3127 267 3152 rona
292 3127 328 3151 se
352 3128 421 3164 pur
446 3118 563 3154 non⁴e
587 3119 648 3155 un'
661 3120 857 3167 impostura
883 3132 930 3156 un
956 3113 1106 3156 libretto
1130 3121 1308 3167 stampato
1334 3120 1374 3156 in
1399 3119 1552 3157 Venezia
1578 3119 1638 3156 nel
1665 3118 1756 3155 1508
1781 3117 1819 3154 di
1843 3117 1901 3154 oui
1937 3117 2086 3165 parlano

180 3175 350 3222 Apostolo
375 3176 469 3214 Zeno
494 3188 513 3213 e
539 3179 569 3214 il
594 3179 705 3222 Pelli,
728 3179 792 3216 ohe
817 3180 864 3215 ha
887 3181 1011 3228 questo
1034 3178 1142 3215 titolo
1163 3189 1181 3212 ›>
1208 3188 1278 3215 eec.
