2326 3502
1082 133 1296 205 ,334

190 293 328 336 lunae
380 294 668 349 compertum
713 294 784 334 est
821 290 895 333 ab
942 289 1114 334 astrolo

188 365 276 422 gis.
296 363 451 421 Igitur
481 366 663 420 oportet
683 361 908 406 terminos
933 360 1115 419 praedi—

189 441 290 480 ctae
322 435 636 493 longitudinis
667 435 843 479 distare
866 450 949 492 per
970 434 1115 478 clxxx

189 506 372 565 gradus,
409 522 525 563 quae
557 511 628 551 est
659 506 858 550 dimidia
889 504 1117 550 distantia

189 579 335 623 totius
365 577 785 622 circumferentiae.
823 578 912 621 Per
942 577 1118 620 lineam

190 665 298 696 vero
330 649 611 706 latitudinis,
643 654 697 693 ut
726 649 1035 693 communiter
1058 648 1119 691 ha

191 724 325 767 betur
349 722 406 765 ab
426 721 616 778 eisdem,
639 721 909 765 extenditur
934 721 991 764 ab
1019 720 1120 764 illis

193 808 387 850 quorum
418 791 579 838 zenith
609 797 680 836 est
723 792 923 836 circulus
965 791 1120 848 aequi-

194 865 413 909 noctialis
441 879 585 921 usque
607 864 666 908 ad
688 864 810 920 illos,
834 878 1027 920 quorum
1048 878 1120 907 ze-

194 937 300 980 nith
330 940 401 980 est
432 936 632 980 circulus
664 935 924 993 descriptus
955 950 982 978 a
1012 934 1120 993 polo

195 1008 376 1053 zodiaci
427 1007 550 1051 circa
574 998 577 1002 ’
600 1007 762 1065 polum
812 1006 989 1063 mundi,
1042 1005 1123 1062 qui

195 1080 384 1138 quidem
406 1079 552 1123 distat
573 1094 600 1123 a
621 1079 729 1137 polo
751 1079 916 1122 mundi
938 1078 1124 1122 circiter

195 1151 320 1196 xxiii
351 1151 535 1209 gradus,
559 1155 606 1195 et
627 1151 694 1194 sic
717 1151 930 1195 extensio
962 1150 1123 1194 latitu-

196 1223 322 1267 dinis
341 1226 411 1267 est
427 1223 561 1279 quasi
577 1223 699 1267 lxvii
715 1222 943 1279 graduum
966 1227 1013 1267 et
1028 1237 1123 1265 non

197 1296 334 1351 ultra,
357 1299 410 1338 ut
430 1298 561 1352 patet
582 1294 802 1338 intuenti.
819 1294 884 1338 Et
905 1294 972 1338 sic
993 1298 1124 1352 patet

199 1366 321 1425 quod
366 1370 538 1410 terram
584 1370 901 1422 emergentem
942 1369 1125 1423 oportet

199 1440 368 1483 habere
390 1438 587 1495 figuram
613 1437 855 1482 semilunii
874 1437 951 1482 vel
978 1437 1123 1494 quasi,

171 1552 173 1554 .
203 1510 312 1567 quia
344 1509 435 1553 ista
466 1509 615 1566 figura
654 1508 852 1552 resultat
892 1524 950 1552 ex
991 1512 1126 1552 tanta

203 1581 457 1626 latitudine
490 1585 537 1624 et
567 1579 881 1637 longitudine,
903 1584 956 1623 ut
980 1584 1125 1637 patet.

202 1653 255 1697 Si
287 1667 394 1698 vero
424 1652 614 1696 haberet
646 1651 902 1696 orizontem
932 1651 1126 1696 circula-

200 1739 298 1768 rem
307 1723 498 1768 haberet
514 1723 711 1780 figuram
728 1723 1000 1767 circularem
1020 1738 1124 1767 cum

204 1810 411 1840 convexo
429 1799 476 1839 et
498 1796 564 1838 sic
587 1794 833 1852 longitudo
855 1799 902 1839 et
924 1795 1125 1839 latitudo

200 1882 298 1912 non
328 1866 575 1910 differrent
611 1866 664 1910 in
694 1866 923 1910 distantia
967 1866 1125 1910 termi-

202 1954 380 1995 norum,
414 1938 536 1982 sicut
566 1937 871 1982 manifestum
902 1953 1000 1982 esse
1046 1953 1125 1996 po-

202 2014 296 2054 test
325 2010 470 2054 etiam
501 2007 790 2054 mulieribus.
812 2010 877 2053 Et
908 2010 975 2054 sic
997 2014 1127 2067 patet

203 2082 261 2126 de
290 2082 430 2126 tertio
472 2071 709 2139 proposito
756 2082 808 2124 in
853 2081 1016 2125 ordine
1057 2081 1126 2124 di-

202 2153 457 2198 cendorum
481 2152 537 2212 (c.
561 2155 629 2211 7υ,
653 2153 738 2197 1111.
760 2155 909 2209 20-8ν,
932 2153 1017 2196 1111.
1039 2153 1126 2208 34).

1259 290 1363 335 sino
1404 291 1500 335 alla
1545 291 1648 336 foce
1694 291 1772 336 del
1817 292 1957 337 fiume
2003 294 2181 352 Gange,

1260 377 1388 407 come
1411 362 1570 407 Orosio
1593 363 1762 419 scrive3
1787 364 1833 408 la
1849 365 1958 422 qual
1973 365 2183 423 'longitu—

1261 433 1372 478 dine
1393 435 1418 478 0
1438 434 1534 478 tale
1556 450 1580 479 0
1602 439 1735 479 tanta
1756 435 1839 480 che
1857 437 2183 483 tramontando

1262 506 1300 549 il
1345 506 1456 564 sole,
1494 510 1647 550 stante
1678 506 1806 551 nella
1838 507 1964 552 linea
1994 509 2182 566 equino-

1264 577 1397 634 ziale,
1429 592 1513 635 per
1542 577 1690 634 quelli
1721 577 1804 622 che
1835 578 1876 622 si
1906 582 2098 623 trovano
2119 580 2186 623 al-

1266 649 1364 693 l'un
1395 649 1591 705 confine,
1614 663 1746 706 sorge
1768 639 1855 707 per
1874 650 2023 707 quelli
2042 650 2125 695 che
2147 651 2188 695 si

1263 724 1457 764 trovano
1491 719 1707 778 all'altro,
1745 734 1873 764 come
1915 721 2189 766 dall’eclissi

1264 791 1424 834 lunari
1445 791 1541 834 han
1566 791 1754 835 dedotto
1775 791 1846 848 gli
1867 792 2103 850 astrologi.
2120 793 2190 837 Fa

1268 862 1319 905 di
1350 862 1562 906 mestieri
1607 863 1764 920 percio
1805 863 1887 908 che
1935 864 1953 908 i
1998 864 2190 909 termini

1266 933 1391 977 della
1421 933 1637 991 predetta
1673 934 1970 992 longitudine
2011 936 2187 982 distino

1266 1004 1339 1048 fra
1370 1004 1468 1048 loro
1506 1004 1556 1048 di
1603 1007 1707 1050 180θ
1739 1006 1822 1050 che
1869 1008 1895 1050 ὸ
1942 1007 1989 1051 la
2034 1023 2190 1052 mezza

1265 1077 1478 1120 distanza
1510 1076 1560 1120 di
1590 1080 1716 1121 tutta
1747 1078 1794 1122 la
1824 1078 2184 1124 circonferenza.

1265 1149 1325 1191 In
1357 1147 1608 1192 latitudine
1639 1149 1732 1206 poi,
1765 1164 1893 1194 come
1924 1150 1942 1194 i
1983 1150 2190 1195 suddetti

1266 1219 1614 1276 generalmente
1644 1220 1904 1278 ritengono,
1938 1222 1978 1265 si
2001 1222 2190 1266 estende

1267 1291 1327 1335 da
1359 1292 1507 1348 quelli
1540 1292 1577 1335 il
1609 1292 1686 1336 cui
1717 1294 1863 1337 zenith
1890 1293 1931 1337 si
1960 1297 2092 1338 treva
2112 1293 2193 1338 nel

1268 1363 1439 1407 circolo
1471 1364 1758 1420 equatoriale
1781 1364 1885 1408 sino
1915 1380 1943 1408 a
1974 1365 2123 1422 quelli
2154 1365 2191 1409 il

1269 1435 1346 1480 cui
1375 1436 1524 1480 zenith
1554 1437 1579 1479 ὸ
1611 1436 1691 1480 1101
1722 1436 1894 1481 0110010
1915 1436 1999 1481 che
2024 1436 2062 1481 il
2082 1437 2191 1495 polo

1204 1570 1207 1571 ⁷
1270 1506 1397 1551 dello
1429 1507 1618 1551 zodiaco
1661 1506 1868 1552 descrive
1914 1508 2100 1552 intorno
2146 1507 2194 1551 al

1270 1578 1379 1636 polo
1402 1578 1479 1622 del
1511 1578 1704 1634 mondo;
1728 1579 1766 1622 il
1795 1579 1906 1636 qual
1935 1579 2044 1637 polo
2065 1578 2191 1623 dello

1270 1650 1458 1694 zodiaco
1482 1664 1577 1694 non
1598 1650 1816 1694 distando
1847 1650 2082 1695 dall'altro
2108 1649 2192 1694 che

1271 1721 1321 1764 di
1339 1721 1461 1764 circa
1483 1723 1572 1778 23⁰,
1597 1723 1648 1765 in
1671 1721 1921 1766 latitudine
1943 1737 2039 1766 non
2058 1721 2192 1780 potra

1269 1793 1525 1836 estendersi
1550 1794 1615 1849 (la
1646 1798 1769 1838 terra
1799 1793 2041 1848 abitabile)
2062 1808 2190 1838 come

1269 1882 1296 1910 a
1328 1866 1462 1924 colpo
1493 1867 1700 1912 d’occhio
1731 1867 1772 1911 si
1801 1866 1930 1923 vede,
1977 1867 2060 1912 che
2107 1883 2191 1926 per

1269 1940 1345 1983 67⁰
1378 1954 1403 1982 e
1424 1953 1520 1982 non
1541 1938 1639 1996 piu.
1660 1938 1823 1996 Appar
1843 1937 1998 1982 chiaro
2025 1938 2193 1995 quindi

1269 2010 1352 2054 che
1373 2010 1420 2053 la
1449 2014 1572 2054 terra
1593 2025 1768 2054 emersa
1787 2010 1982 2067 bisogna
2016 2009 2099 2054 che
2120 2010 2195 2054 ab·

1269 2080 1346 2124 bia
1378 2080 1424 2124 la
1445 2080 1593 2137 figura
1614 2080 1665 2124 di
1685 2095 1842 2124 mezza
1862 2080 1975 2124 luna
1997 2095 2024 2124 0
2048 2080 2192 2136 quasi,

1270 2153 1436 2210 perche
1468 2156 1630 2209 questa
1660 2154 1685 2196 0
1718 2156 1926 2210 appunto
1957 2152 2005 2196 la
2045 2152 2194 2209 figura

1269 2225 1353 2269 che
1382 2225 1550 2270 risulta
1581 2224 1640 2268 da
1669 2224 1766 2268 tale
1796 2240 1821 2268 0
1851 2228 1985 2268 tanta
2033 2223 2193 2268 latitu-

1270 2297 1380 2340 dine
1402 2312 1426 2339 e
1449 2295 1761 2353 longitudine.
1782 2295 1842 2339 Se
1865 2295 2025 2340 invece
2046 2309 2190 2339 emer-

1271 2383 1401 2425 gesse
1429 2382 1518 2411 con
1538 2367 1840 2412 terminatore
1870 2366 2102 2423 circolare,
2127 2382 2196 2411 sa-

1270 2440 1407 2484 rebbe
1438 2439 1488 2482 di
1519 2439 1668 2496 figura
1707 2439 1928 2483 circolare
1973 2452 2193 2484 convessa

1270 2514 1312 2567 (o
1344 2511 1395 2555 di
1425 2511 1599 2555 calotta
1630 2510 1830 2567 sferica),
1852 2526 1878 2554 e
1909 2510 1956 2554 la
1987 2510 2192 2566 longitu—

1272 2583 1382 2626 dine
1413 2598 1439 2626 e
1470 2582 1517 2625 la
1548 2581 1800 2626 latitudine
1820 2596 1915 2625 non
1938 2580 2193 2625 differireb-

1271 2657 1379 2701 bero
1426 2656 1478 2699 in
1524 2654 1793 2712 lunghezza,
1842 2669 1970 2699 come
2015 2653 2194 2699 vedono

1273 2726 1423 2784 perfin
1454 2726 1499 2770 le
1533 2725 1872 2770 donnicciuole.
1906 2725 2052 2769 Resta
2097 2724 2193 2768 cosi

1274 2797 1474 2842 esaurito
1506 2797 1544 2840 il
1573 2801 1698 2842 terzo
1730 2800 1876 2854 punto
1924 2796 2007 2840 che
2047 2794 2193 2839 c'era·

1273 2883 1408 2914 vamo
1439 2873 1657 2927 proposto
1688 2868 1739 2912 di
1760 2855 1975 2913 'trattara
