2326 3502
1090 172 1301 211 -24-

201 295 400 341 motiora
421 311 449 340 a
469 299 628 340 centro
650 296 828 354 mundi,
851 311 993 354 quum
1017 312 1124 342 cen-

198 373 324 413 trum
355 368 520 413 mundi
551 369 614 413 sit
644 373 854 413 centrum
885 369 1040 427 maris,
1072 374 1126 414 ut

200 441 354 485 visum
385 445 470 499 est,
502 444 550 485 et
591 441 856 499 superficies
894 441 1125 485 littorales

203 512 300 556 sint
320 515 476 570 partes
495 512 659 556 totalis
681 512 945 570 superficiei
967 512 1123 556 maris.

200 584 265 628 Et
295 599 437 640 quum
468 599 604 628 omne
634 585 856 629 remotius
894 600 921 628 a
967 588 1125 629 centro

201 655 366 700 mundi
413 655 477 699 sit
521 655 677 712 altius,
725 669 1009 712 consequens
1055 659 1127 700 est

202 726 324 786 quod
357 726 517 771 littora
548 728 706 771 omnia
737 727 833 771 sint
875 727 1126 785 superemi-

202 799 366 844 nentia
380 799 471 844 toti
487 799 618 856 mari,
635 803 695 856 et,
719 798 760 842 si
782 798 954 855 littora,
978 798 1126 842 multo

206 871 357 928 magis
389 870 510 915 aliae
540 870 754 928 regiones
789 874 952 927 terrae,
985 884 1127 926 quum

204 943 365 987 littora
396 943 493 987 sint
524 942 770 987 inferiores
802 944 856 999 [c.
879 941 951 998 622]
973 946 1128 999 partes

204 1020 366 1071 terrae,
400 1019 447 1059 et
478 1014 528 1058 id
570 1014 767 1058 flumina
812 1013 872 1058 ad
918 1014 1004 1057 illa
1051 1013 1128 1057 de-

205 1086 477 1131 scendentia
507 1086 825 1137 manifestant.
849 1086 1000 1129 Maior
1023 1099 1129 1130 vero

203 1159 342 1203 huius
359 1147 769 1203 demonstrationis
789 1158 1131 1202 demonstratur

207 1231 284 1275 in*
308 1230 671 1275 theorematibus
723 1229 1030 1287 geometricis,
1084 1233 1131 1272 et

209 1302 543 1347 demonstratio
595 1305 666 1345 est
716 1301 966 1357 ostensiva,
1020 1301 1131 1344 licet

207 1375 306 1419 vim
337 1388 468 1418 suam
488 1373 655 1417 habeat
678 1373 839 1429 utique
861 1372 913 1415 in
934 1373 993 1416 iis
1015 1387 1131 1429 quae

210 1446 526 1490 demonstrata
558 1449 667 1488 sunt
698 1445 922 1502 superius,
943 1459 1028 1502 per
1047 1444 1132 1487 im-

209 1517 446 1577 possibile.
480 1515 544 1560 Et
575 1516 642 1560 sic
673 1519 804 1574 patet
835 1515 893 1559 de
932 1515 1132 1560 secundo

209 1594 263 1646 (6.
294 1591 362 1645 6r,
399 1588 484 1632 lin.
517 1589 665 1644 27-6υ,
699 1587 785 1631 1111.
817 1589 878 1641 5).

271 2166 299 2216 ξ
331 2162 402 2205 16.
433 2158 526 2204 Sed
557 2162 717 2203 contra
764 2173 819 2203 ea
863 2173 980 2215 quae
1027 2161 1136 2202 sunt

214 2234 524 2280 determinata
555 2233 622 2276 sic
653 2233 877 2290 arguitur.
905 2232 1135 2276 Gravissi-

213 2322 341 2352 mum
372 2319 536 2363 corpus
568 2304 824 2360 aequaliter
844 2303 1051 2360 undique
1083 2318 1137 2347 ac

214 2378 457 2438 potissime
487 2376 609 2434 petit
640 2380 878 2431 oentrum;
911 2380 1035 2419 terra
1067 2378 1138 2418 est

215 2449 542 2508 gravissimum
587 2462 780 2504 corpus3
819 2461 927 2504 ergo
973 2460 1137 2502 aequa-

215 2522 324 2565 liter
372 2519 578 2575 undique
625 2534 677 2562 ac
729 2518 971 2576 potissime
1016 2517 1137 2575 petit

216 2596 440 2637 centrum.
487 2590 552 2634 Et
598 2605 656 2634 ex
701 2589 787 2633 hac
839 2588 1138 2633 conclusione

217 2663 438 2720 sequitur,
469 2666 523 2705 ut
559 2661 815 2717 declarabo,
848 2660 971 2717 quod
1017 2663 1139 2703 terra

219 2734 476 2792 aequaliter
507 2733 559 2776 in
589 2733 718 2776 omni
749 2735 880 2789 parte
913 2745 1021 2774 suae
1052 2730 1140 2773 cir-

220 2803 555 2851 cumferentiae
592 2803 736 2846 distet
781 2817 809 2845 a
854 2805 1012 2846 centro
1059 2816 1142 2858 per

217 2879 304 2922 hoc
325 2875 447 2933 quod
469 2874 641 2919 dicitur
662 2874 930 2931 aequaliter,
953 2877 1001 2917 et
1020 2872 1141 2929 quod

220 2949 283 2993 sit
303 2948 517 2992 substans
539 2946 752 2990 omnibus
775 2945 1039 3002 corporibus
1061 2959 1143 3001 per

160 3066 163 3067 ⁷
219 3020 306 3064 hoc
336 3018 458 3076 quod
498 3017 672 3061 dicitur
717 3017 974 3075 potissime.
1005 3016 1142 3060 Unde

222 3094 500 3147 sequeretur,
514 3090 555 3133 si
571 3104 689 3146 aqua
705 3093 825 3134 esset
836 3088 1140 3144 concentrica,

220 3167 273 3207 ut
294 3162 479 3217 dicitur,
502 3161 625 3218 quod
653 3165 777 3205 terra
796 3160 1003 3216 undique
1023 3164 1143 3204 esset

226 3235 503 3280 circumfusa
533 3237 582 3277 et
602 3233 779 3277 latens:
811 3233 942 3277 cuius
965 3237 1143 3277 contra-

1269 298 1408 343 bisoe.
1439 299 1639 356 Dunque
1661 300 1775 344 tutti
1803 300 1821 344 i
1844 299 1932 345 lidi
1964 315 2076 345 sono
2106 300 2190 359 piu

1266 371 1433 415 remoti
1454 370 1534 415 dal
1554 374 1713 415 centro
1735 370 1813 415 del
1830 371 2013 428 mond0,
2038 386 2189 416 essen-

1267 442 1424 493 doche,
1459 458 1587 487 come
1632 442 1666 486 s’
1682 444 1708 487 e
1739 443 1908 488 veduto
1949 447 1996 500 (ξ
2027 443 2112 502 12),
2153 443 2191 488 il

1268 519 1426 559 centro
1447 514 1525 559 del
1547 514 1717 559 mondo
1737 516 1763 558 e
1791 514 1996 559 identico
2017 514 2066 559 al
2086 530 2191 559 cen-

1267 591 1339 631 tro
1372 587 1449 631 del
1481 601 1620 643 mare,
1649 602 1673 630 e
1705 586 1818 643 ogni
1837 586 2082 644 superficie
2112 587 2190 632 lit-

1266 663 1456 703 toranea
1486 658 1537 702 fa
1567 662 1698 716 parte
1730 657 1856 702 della
1884 658 2004 702 total
2034 673 2190 716 super-

1268 730 1373 774 ficie
1403 729 1482 774 del
1511 745 1651 774 mare.
1683 730 1724 773 E
1747 729 1911 787 poiche
1943 729 2057 787 ogni
2087 744 2192 774 cosa

1268 801 1353 845 che
1384 802 1454 845 sia
1485 802 1563 859 piu
1593 805 1772 845 remota
1813 800 1892 844 dal
1922 804 2082 845 centro
2114 800 2192 844 del

1269 872 1435 916 mondo
1467 874 1492 916 e
1523 872 1669 916 anche
1700 872 1784 930 pil'l
1815 872 1925 929 alta,
1957 887 2018 916 ne
2051 887 2190 930 segue

1269 944 1363 988 che.
1383 943 1498 988 tutti
1529 944 1547 987 i
1577 944 1668 988 lidi
1697 943 1955 988 sovrastino
1989 943 2038 988 al
2067 958 2193 988 mare

1270 1019 1443 1072 quanto
1473 1016 1498 1059 ὀ
1529 1015 1732 1072 grande3
1774 1031 1800 1060 e
1831 1030 1879 1060 se
1911 1016 2006 1060 cosi
2047 1016 2072 1059 ὲ
2116 1015 2194 1060 (161

1271 1086 1372 1144 lidi,
1403 1090 1536 1131 tanto
1563 1087 1648 1144 piu
1671 1087 1773 1131 sara
1803 1088 1900 1132 cosi
1920 1086 2045 1132 delle
2077 1086 2194 1131 altre

1269 1160 1452 1217 regioni
1481 1164 1603 1204 tutte
1634 1160 1760 1204 della
1789 1164 1924 1217 terra,
1957 1158 2151 1204 essendo
2175 1159 2193 1203 i

1272 1231 1374 1288 lidi,
1407 1246 1536 1275 come
1578 1232 1595 1275 i
1626 1231 1760 1275 fiumi
1790 1231 1873 1276 ohe
1913 1231 1974 1276 ad
2004 1231 2096 1276 essi
2126 1230 2195 1275 di-

1272 1302 1503 1347 scendono
1545 1318 1596 1347 ce
1626 1318 1687 1347 ne
1728 1303 1995 1362 forniscono
2044 1303 2195 1347 sicuro

1274 1374 1465 1430 indizio‚
1514 1374 1558 1417 le
1604 1374 1728 1431 parti
1775 1375 1860 1432 piu
1904 1375 2036 1419 basse
2067 1374 2195 1418 della

1274 1450 1411 1489 terra.
1437 1445 1507 1488 La
1527 1446 1764 1503 maggiore
1794 1446 1846 1490 di
1865 1448 2027 1502 questa
2051 1445 2197 1489 dimo-

1276 1516 1505 1560 strazione
1538 1517 1563 1559 ὸ
1584 1516 1741 1560 chiara
1771 1516 1900 1561 dalla
1919 1516 2195 1574 geometria3

1277 1604 1302 1632 e
1333 1592 1458 1632 tutta
1489 1588 1536 1631 la
1572 1587 1932 1632 dimostrazione
1957 1589 1983 1632 ὸ
2015 1587 2195 1646 apodit·

1276 1660 1384 1716 tica,
1432 1659 1628 1703 sebbene
1673 1659 1828 1704 riceva
1872 1663 1997 1704 tutta
2028 1659 2075 1703 la
2116 1674 2198 1703 sua

1282 1730 1412 1775 forza
1443 1730 1503 1774 da
1533 1730 1688 1787 quelle
1719 1745 1822 1774 cose
1843 1745 1927 1788 per
1956 1730 2198 1789 l’appunto

1278 1802 1362 1846 6116
1384 1817 1495 1846 sono
1517 1806 1637 1846 state
1658 1817 1794 1860 sopra
1819 1802 2091 1846 dimostrate
2112 1817 2200 1846 con

1275 1874 1535 1930 argomenti
1577 1875 1633 1918 ab
1674 1875 1882 1918 absurdo.
1923 1873 1964 1917 Ε
2012 1874 2108 1918 cosi
2156 1874 2200 1917 61

1275 1944 1454 1988 sembra
1493 1943 1689 1988 ohiarito
1730 1943 1876 1989 anche
1922 1944 1960 1988 11
2001 1944 2198 1989 secondo

1281 2019 1442 2074 punto.

1339 2162 1366 2212 ξ
1399 2159 1468 2202 16.
1501 2158 1580 2201 Ma
1611 2173 1638 2202 a
1674 2157 1747 2202 61ὸ
1777 2157 1861 2202 6116
1897 2158 2053 2202 sinora
2083 2157 2200 2202 siam

1277 2229 1439 2274 venuti
1460 2228 1813 2273 determinando
1834 2229 1876 2273 si
1899 2228 1992 2287 puo
2007 2243 2201 2286 opporre

1278 2318 1343 2346 un
1383 2303 1501 2346 altro
1548 2307 1816 2359 argomento
1860 2302 1940 2347 del
1981 2305 2201 2359 seguente

1277 2379 1450 2418 tenore.
1499 2373 1577 2418 Un
1628 2388 1765 2431 corpo
1809 2373 1892 2418 che
1936 2373 2006 2418 sia
2046 2373 2084 2417 il
2123 2372 2203 2430 piu

1280 2462 1422 2503 grave
1455 2445 1505 2490 di
1525 2446 1651 2503 tutti,
1670 2446 1730 2489 da
1760 2446 1872 2503 ogni
1893 2449 2023 2503 parte
2046 2445 2201 2505 egual-

1281 2522 1439 2562 mente
1474 2533 1498 2561 e
1530 2517 1900 2561 massimamente
1942 2516 1983 2560 si
2027 2521 2125 2560 trae
2157 2516 2204 2559 al

1281 2594 1465 2644 conti-03
1498 2604 1574 2632 ma
1609 2588 1655 2632 la
1688 2593 1811 2632 terra
1841 2590 1867 2631 ὸ
1889 2587 1927 2631 11
1958 2601 2095 2644 661·Ρο
2126 2587 2205 2644 piu

1282 2675 1420 2718 grave
1440 2676 1449 2715 ;
1483 2660 1668 2716 dunque
1689 2659 1983 2720 egualmente
2002 2658 2063 2702 da
2088 2658 2204 2715 ogni

1283 2735 1415 2789 parte
1463 2747 1487 2775 e
1534 2731 1912 2788 precipuamente
1958 2730 2000 2773 si
2040 2742 2204 2772 muove

1283 2818 1414 2847 verso
1448 2803 1486 2846 il
1519 2806 1691 2846 centro.
1722 2802 1796 2845 Da
1830 2805 1991 2857 questa
2021 2800 2204 2844 conclu-

1285 2876 1415 2919 sione
1451 2889 1602 2931 segue,
1646 2888 1773 2917 come
1814 2871 2084 2926 dichiarero,
2121 2870 2205 2914 6116

1285 2947 1330 2990 la
1361 2950 1495 2996 terra,
1540 2946 1591 2989 in
1621 2949 1794 3001 quanto
1826 2943 1867 2987 si
1911 2942 2015 2986 dice
2055 2943 2204 3000 equal-

1285 3023 1439 3074 mente,
1471 3016 1586 3060 disti
1616 3015 1695 3059 dal
1726 3018 1883 3059 centro
1909 3013 2203 3070 egualmente

1286 3089 1338 3132 in
1369 3087 1480 3145 ogni
1505 3091 1651 3145 punto
1673 3086 1799 3129 della
1830 3100 1911 3128 sua
1932 3083 2100 3128 sferica
2131 3098 2204 3126 su-

1285 3160 1490 3219 perficie,
1523 3175 1549 3203 e
1579 3159 1662 3202 che
1694 3157 1840 3201 debba
1866 3159 2121 3211 sottostare,
2154 3155 2206 3198 in

1288 3235 1460 3288 quanto
1513 3230 1553 3274 si
1606 3229 1708 3273 dice
1754 3229 2126 3282 massimamente,
2179 3240 2206 3269 a
