2326 3502
1118 161 1320 200 -40-

273 293 301 343 ξ
317 290 389 334 20.
405 288 572 331 Restat
591 302 717 331 nunc
737 286 895 330 videre
921 285 978 329 de
1001 299 1138 328 causa

213 360 348 404 finali
368 363 416 403 et
446 358 678 402 efficiente
700 358 838 401 huius
860 357 1138 401 elevationis

213 436 375 487 terrae,
409 445 525 486 quae
556 429 871 473 demonstrata
902 433 973 472 est
1015 428 1139 471 suffi-

214 502 404 546 cienter.
426 501 491 544 Et
520 500 598 543 hic
617 504 687 543 est
709 499 820 543 ordo
844 499 1107 543 artificialis
1125 514 1135 554 3

213 588 324 616 nam
344 571 552 628 quaestio
575 587 636 614 an
652 576 723 615 est
740 571 877 614 debet
894 570 1136 628 praecede-

211 660 261 688 re
282 643 600 701 quaestionem
622 647 813 700 propter
833 642 947 699 quid
965 646 1049 686 est.
1075 642 1139 685 Et

213 718 271 762 de
302 732 440 761 causa
460 716 594 760 finali
617 716 850 760 sufficiant
872 731 988 773 quae
1011 716 1139 759 dicta

214 792 322 833 sunt
354 788 406 831 in
436 787 773 845 praemeditata
814 787 1133 833 distinctione.

214 861 409 917 Propter
429 874 615 902 causam
635 874 742 903 vero
765 859 1046 903 efficientem
1068 860 1138 902 in-

213 930 539 988 vestigandam
576 932 631 987 [c.
656 931 743 987 8v]‚
767 930 1138 988 praenotandum

215 1007 286 1047 est
316 1001 438 1058 quod
458 1006 684 1045 tractatus
716 1016 933 1059 praesens
954 1017 1050 1046 non
1071 1007 1141 1046 est

215 1078 347 1118 extra
367 1073 611 1117 materiam
641 1073 914 1130 naturalem,
939 1074 1047 1129 quia
1070 1075 1140 1117 in-

217 1150 289 1189 ter
319 1160 401 1189 ens
434 1144 619 1200 mobile,
653 1144 835 1188 scilicet
880 1160 1048 1201 aquam
1094 1150 1141 1189 et

213 1221 397 1272 terram,
440 1231 556 1272 quae
589 1220 698 1259 sunt
729 1230 920 1273 corpora
951 1222 1140 1261 natura-

216 1289 308 1343 lia3
346 1292 393 1331 et
434 1291 624 1344 propter
654 1288 739 1331 hoc
771 1288 1034 1344 quaerenda
1070 1277 1141 1333 est

213 1358 442 1403 certitudo
479 1358 733 1402 secundum
775 1359 1019 1403 materiam
1061 1374 1141 1403 na-

211 1430 411 1475 turalem
443 1445 560 1487 quae
592 1435 662 1474 est
698 1430 774 1474 hic
824 1431 1020 1474 materia
1068 1446 1141 1474 su-

215 1503 394 1558 biecta;
447 1517 557 1545 nam
608 1502 737 1545 circa
781 1502 1139 1559 unumquodque

217 1589 363 1631 genus
380 1574 432 1616 in
442 1577 628 1617 tantum
639 1573 867 1618 certitudo
878 1574 1140 1630 quaerenda

216 1651 287 1690 est
318 1646 370 1689 in
400 1649 626 1702 quantum
657 1650 825 1689 natura
855 1645 924 1688 rei
955 1646 1137 1703 recipit,

214 1722 268 1762 ut
288 1721 419 1775 patet
440 1732 499 1760 ex
521 1716 671 1774 primo
694 1717 971 1760 Ethicorum.
990 1717 1140 1769 Quum

215 1789 363 1846 igitur
394 1788 559 1831 innata
579 1787 642 1831 sit
672 1788 808 1831 nobis
839 1788 916 1831 via
948 1787 1139 1832 investi·

215 1860 396 1917 gandae
426 1859 639 1903 veritatis
670 1858 794 1902 circa
814 1858 1048 1902 naturalia
1080 1875 1139 1902 ex

215 1931 474 1975 notioribus
505 1930 653 1986 nobis,
686 1934 881 1973 naturae
912 1945 1021 1974 vero
1053 1931 1140 1973 mi-

215 2018 303 2046 nus
338 2002 476 2058 notis,
510 2002 562 2044 in
610 2001 807 2045 certiora
853 2005 1046 2045 naturae
1092 2006 1140 2045 et

215 2074 411 2129 notiora,
443 2077 496 2116 ut
526 2076 657 2130 patet
687 2088 745 2116 ex
793 2072 944 2129 primo
988 2073 1138 2116 Phisi—

217 2161 381 2201 corum,
406 2149 454 2189 et
484 2144 688 2188 notiores
710 2145 807 2187 sint
832 2144 966 2188 nobis
999 2144 1051 2187 in
1070 2148 1137 2188 ta-

218 2217 341 2261 libus
365 2216 557 2260 effectus
574 2231 712 2272 quam
733 2231 909 2272 causae,
928 2216 1036 2272 quia
1058 2231 1141 2274 per

215 2288 407 2333 effectus
439 2287 705 2331 inducimur
737 2288 788 2330 in
820 2287 1138 2344 cognitionem

218 2375 486 2415 causarum;
519 2363 572 2402 ut
603 2363 746 2416 patet,
794 2359 904 2415 quia
949 2358 1139 2416 eclipsis
1169 2414 1174 2420 ¹

216 2430 328 2474 solis
364 2430 502 2474 duxit
543 2430 594 2473 in
637 2430 955 2486 cognitionem
997 2430 1138 2474 inter-

217 2502 465 2559 positionis
498 2501 650 2557 lunae,
683 2501 808 2544 unde
840 2505 1030 2559 propter
1061 2501 1139 2544 ad-

215 2573 376 2616 mirari
413 2587 603 2630 coepere
649 2572 981 2629 philosophari,
1013 2572 1139 2616 viam
1186 2571 1189 2573 ’

214 2644 535 2700 inquisitionis
567 2644 618 2686 in
640 2643 932 2687 naturalibus
955 2648 1138 2700 oportet

213 2731 311 2759 esse
342 2715 399 2758 ab
430 2713 673 2758 effectibus
706 2714 765 2758 ad
799 2729 987 2769 causas;
1021 2699 1137 2771 quae

215 2785 404 2842 quidem
433 2785 523 2840 via,
553 2785 666 2828 licet
695 2785 864 2828 habeat
897 2784 1139 2828 certitudi-

213 2872 322 2900 nem
354 2856 674 2912 sufficientem,
699 2871 795 2900 non
821 2860 979 2900 tamen
999 2856 1138 2899 habet

215 2932 408 2983 tantam,
442 2931 665 2983 quantam
693 2927 833 2971 habet
863 2928 941 2972 via
985 2927 1138 2984 inqui-

218 2999 403 3042 sitionis
436 2999 486 3041 in
523 2999 878 3055 mathematicis,
911 3014 1027 3055 quae
1069 3003 1139 3042 est

160 3066 163 3067 ⁷
219 3086 245 3114 a
277 3071 427 3114 causis
459 3071 556 3114 sive
578 3086 604 3113 a
636 3071 962 3127 superioribus,
987 3070 1045 3113 ad
1071 3070 1138 3113 ef-

221 3142 383 3197 fectus,
417 3142 513 3185 sive
550 3141 609 3184 ad
657 3141 907 3196 inferiora;
941 3146 988 3185 et
1035 3141 1138 3185 ideo

220 3212 479 3269 quaerenda
512 3216 582 3256 est
618 3212 704 3256 illa
750 3212 978 3256 certitudo
1024 3227 1139 3269 quae

1338 288 1366 339 ξ
1396 286 1469 329 20.
1501 285 1704 329 Rimane
1736 300 1816 329 ora
1845 300 1874 329 a
1892 285 2058 330 vedere
2078 286 2204 331 della

1281 371 1419 400 causa
1449 356 1591 400 finale
1623 356 1681 400 ed
1712 356 1942 401 efficiente
1963 357 2014 400 di
2043 362 2204 414 questo

1281 427 1614 472 sollevamento
1637 427 1763 471 della
1780 431 1916 484 terra,
1938 427 2023 472 che
2038 443 2066 471 a
2082 428 2205 472 suffi-

1280 497 1453 554 cienza,
1464 499 1516 541 in
1532 498 1743 555 ossequio
1765 499 2011 543 all'ordine
2036 499 2201 557 logico,

1281 563 1306 612 ὁ
1337 574 1458 614 stato
1479 570 1751 615 dimostrato
1772 565 2203 629 precedentemente

1281 641 1451 685 dacohe
1483 642 1530 685 la
1561 642 1802 698 questione
1830 658 1877 687 se
1908 644 1958 687 la
1994 657 2095 688 cosa
2133 645 2207 689 sia

1281 715 1395 759 deve
1426 716 1670 773 precedere
1709 717 1756 760 la
1796 717 2038 774 questione
2081 717 2207 762 della

1281 802 1418 831 causa
1449 802 1475 831 o
1519 787 1597 831 del
1635 789 1802 846 perch&
1848 790 1936 833 sia.
1967 789 2208 847 Biguardo

1281 858 1483 916 peraltro
1499 859 1595 902 alla
1614 874 1753 903 causa
1774 859 1916 904 finale
1937 860 2060 904 basti
2081 860 2206 917 quel-

1282 931 1327 974 10
1359 930 1442 974 0116
1474 931 1508 974 s’
1526 932 1551 974 6
1573 935 1757 988 esposto
1777 923 1907 975 nella
1927 931 2205 989 precedente

1284 1001 1580 1046 distinzione.
1612 1003 1702 1046 Per
1731 1002 1954 1060 indagare
1985 1003 2032 1047 la
2069 1018 2206 1047 causa

1284 1073 1515 1118 efficiente
1561 1073 1757 1130 bisogna
1801 1078 2078 1132 premettere
2124 1074 2207 1118 che

1285 1147 1332 1199 la
1362 1149 1575 1202 presente
1607 1145 1892 1190 discussione
1913 1160 2009 1190 non
2039 1146 2203 1190 eccede

1285 1218 1494 1262 l'ambito
1526 1217 1652 1261 della
1683 1221 1850 1260 natura
1872 1217 2015 1274 fisica,
2037 1218 2203 1276 perche

1285 1290 1326 1333 si
1357 1289 1519 1347 aggira
1549 1293 1621 1332 tra
1651 1288 1752 1332 enti
1783 1289 1948 1333 mobili
1988 1289 2087 1333 cioe
2134 1293 2208 1333 tra

1285 1361 1464 1418 l’acqua
1495 1376 1520 1404 e
1552 1360 1599 1403 la
1628 1364 1764 1416 terra,
1797 1360 1880 1404 che
1917 1375 2029 1405 sono
2079 1361 2209 1419 corpi

1284 1432 1434 1487 fisici;
1467 1447 1492 1476 e
1523 1432 1634 1490 pero
1665 1446 1761 1475 non
1792 1431 1826 1476 s’
1843 1431 1905 1476 ha
1935 1431 1995 1476 ad
2031 1432 2208 1489 esigere

1283 1503 1404 1547 altra
1435 1508 1640 1547 certezza
1671 1502 1731 1546 da
1761 1501 1919 1559 quella
1946 1503 2029 1547 che
2051 1503 2092 1547 si
2113 1503 2204 1561 puo

1283 1590 1416 1618 avere
1448 1575 1501 1618 in
1531 1574 1793 1631 argomenti
1824 1573 1946 1618 fisici
1991 1574 2075 1619 che
2123 1590 2207 1619 son

1283 1646 1430 1702 quelli
1461 1646 1544 1690 che
1576 1646 1788 1690 abbiamo
1820 1646 1902 1703 qui
1932 1645 2026 1690 alle
2057 1646 2200 1702 mani,

1284 1717 1550 1773 dovendosi,
1583 1732 1711 1761 come
1743 1733 1914 1776 appare
1946 1718 2025 1762 dal
2056 1718 2207 1776 primo

1283 1790 1403 1833 libro
1419 1789 1670 1833 dell'Etica
1690 1789 1987 1846 aristotelica,
2006 1789 2058 1833 in
2077 1789 2208 1846 qual-

1284 1861 1483 1918 sivoglia
1520 1865 1790 1917 argomento
1837 1861 2014 1918 esigere
2050 1861 2208 1917 quella

1283 1931 1392 1975 data
1422 1936 1628 1975 certezza
1648 1931 1731 1975 che
1763 1932 1810 1975 la
1836 1935 2003 1975 natura
2022 1931 2206 1976 dell'ar-

1282 2006 1500 2060 gomento
1530 2002 1736 2046 richiede
1778 2018 1803 2046 e
1849 2017 1946 2047 non
1991 2003 2088 2060 piu.
2121 2003 2207 2047 Es-

1284 2073 1426 2117 sendo
1478 2077 1693 2131 portanto
1739 2089 1823 2131 per
1866 2074 1948 2118 noi
1991 2074 2206 2118 naturale

1283 2144 1313 2188 l’
1325 2144 1608 2202 investigare
1625 2144 1671 2188 la
1686 2145 1836 2188 verita
1851 2145 1929 2189 dei
1945 2145 2058 2189 fatti
2079 2145 2206 2189 della

1283 2220 1449 2260 natura
1495 2231 1624 2260 come
1670 2216 1711 2260 si
1756 2216 1912 2262 ricava
1957 2205 2059 2261 dal'
2083 2217 2202 2261 libro

1283 2287 1432 2346 primo
1465 2287 1591 2332 della
1620 2289 1776 2332 Fisica
1820 2287 2105 2332 aristotelica
2143 2287 2204 2331 da

1282 2359 1436 2416 quelle
1468 2374 1571 2403 cose
1602 2359 1686 2403 che
1717 2375 1744 2402 a
1764 2350 1846 2403 noi
1872 2374 1957 2403 son
1977 2359 2061 2417 piu
2081 2363 2203 2415 note,

1285 2447 1310 2474 e
1341 2446 1476 2475 meno
1510 2431 1555 2475 10
1602 2446 1714 2475 sono
1756 2431 1852 2475 alla
1891 2435 2070 2488 natura,
2102 2445 2205 2488 pro-

1282 2502 1488 2546 cedendo
1521 2518 1548 2546 a
1579 2503 1734 2559 quelle
1777 2502 1861 2546 che
1902 2502 1998 2546 alla
2037 2506 2205 2546 natura

1283 2588 1394 2617 sono
1426 2574 1510 2630 piu
1541 2577 1664 2617 certe
1705 2589 1731 2617 e
1771 2573 1855 2630 piu
1895 2577 2019 2629 note,
2062 2571 2121 2616 ed
2154 2572 2206 2616 in

1284 2646 1324 2688 si
1357 2644 1468 2688 fatti
1514 2645 1775 2701 argomenti
1817 2644 2010 2689 essendo
2056 2659 2084 2687 a
2118 2644 2199 2688 noi

1283 2716 1368 2773 piu
1407 2716 1510 2759 noti
1550 2716 1620 2773 gli
1661 2716 1813 2760 effetti
1840 2715 1924 2759 0116
1964 2715 2010 2759 16
2051 2729 2200 2772 cause,
2232 2739 2235 2745 ι

1282 2787 1471 2844 giacche
1498 2786 1629 2844 dagli
1650 2786 1802 2831 effetti
1823 2786 2037 2831 veniamo
2058 2786 2110 2829 in
2130 2800 2203 2830 co-

1282 2858 1502 2915 gnizione
1534 2858 1658 2902 delle
1690 2873 1837 2914 cause,
1861 2857 2010 2901 com'e
2032 2857 2201 2913 chiaro,

1281 2929 1451 2973 dacche
1474 2929 1527 2973 fu
1558 2929 1750 2973 l'eclissi
1771 2929 1848 2973 del
1869 2928 1966 2972 sole
1987 2928 2070 2972 che
2092 2942 2198 2971 con·

1282 3000 1416 3044 dusse
1463 3001 1558 3044 alla
1603 2994 1884 3044 conoscenza
1930 2999 2040 3043 dell’
2060 2999 2201 3043 inter-

1282 3072 1407 3128 porsi
1438 3072 1563 3115 della
1599 3072 1724 3127 luna,
1757 3071 1876 3114 onde
1908 3071 1997 3114 ben
2028 3070 2069 3114 si
2100 3069 2202 3114 dice

1284 3144 1368 3187 che
1400 3144 1447 3187 la
1479 3143 1752 3199 meraviglia
1783 3141 1884 3185 fece
1915 3141 1985 3198 gli
2024 3141 2203 3185 uomini

1287 3214 1466 3271 filosofi,
1490 3213 1733 3270 bisognera
1765 3207 1849 3256 che
1882 3212 1919 3255 il
1950 3210 2132 3256 metodo
2154 3209 2203 3254 di
