2326 3502
1098 172 1307 210 ..30-

207 307 346 349 quam
377 308 435 336 ex
466 292 641 348 altera3
674 309 783 337 nam
813 309 956 350 quum
993 294 1128 338 adae-

206 367 364 423 quatio
395 367 598 424 corporis
619 368 775 425 gravis
806 384 902 412 non
933 369 1016 412 fiat
1046 384 1130 426 per

206 438 515 494 quantitatem
546 439 599 482 in
637 444 862 496 quantum
892 440 1129 496 quantitas

206 511 286 555 sed
334 527 418 569 per
463 512 657 570 pondus,
695 513 868 570 poterit
915 513 983 556 ibi
1028 528 1126 557 esse

208 582 482 639 adaequatio
529 584 747 641 ponderis
794 584 907 640 quin
954 584 1016 627 sit
1062 584 1129 627 ibi

207 654 480 710 adaequatio
523 654 812 711 quantitatis.
847 655 912 698 Et
943 655 1010 698 sic
1043 655 1129 699 illa

203 725 536 770 demonstratio
568 731 638 770 est
687 741 916 784 apparens
955 731 1002 770 et
1031 741 1127 771 non

202 797 408 841 existens
440 802 496 854 (0.
531 800 596 856 Tr,
623 798 708 841 lin.
740 799 878 855 3-14).
935 817 941 823 ⁷

259 1229 286 1280 ἓ
319 1227 388 1270 18.
431 1225 524 1270 Sed
569 1227 681 1270 talis
718 1228 946 1271 instantia
991 1230 1124 1273 nulla

199 1300 297 1352 est;
331 1297 541 1354 procedit
587 1298 715 1342 enim
753 1314 811 1342 ex
858 1299 1124 1356 ignorantia

196 1372 389 1412 naturae
419 1367 809 1426 homogeneorum
846 1374 894 1414 et
941 1371 1123 1429 simpliss

197 1439 334 1483 cium.
369 1439 570 1497 Corpora
591 1441 728 1499 *enim
758 1440 1044 1499 homogenea
1075 1448 1122 1487 et

198 1511 435 1568 simplicia
443 1516 570 1556 sunt:
587 1511 885 1570 homogenea,
897 1518 949 1557 ut
960 1529 1122 1558 aurum

196 1582 473 1640 depuratum
505 1587 552 1627 et
573 1599 762 1641 corpora
794 1585 1044 1642 simplicia,
1068 1590 1120 1628 ut

195 1654 319 1710 ignis
351 1658 398 1698 et
432 1659 567 1711 terra,
599 1656 879 1712 regulariter
920 1656 972 1699 in
1020 1656 1116 1700 suis

194 1725 403 1782 partibus
434 1726 764 1782 qualificantur
806 1729 935 1771 omni
981 1732 1116 1771 natu-

190 1797 281 1840 rali
312 1797 541 1855 passione.
573 1798 710 1842 Unde
742 1814 847 1842 cum
891 1804 1015 1843 terra
1056 1800 1118 1843 sit

197 1884 361 1926 corpus
393 1870 607 1927 simplex,
629 1871 907 1927 regulariter
937 1871 989 1914 in
1021 1871 1115 1914 suis

198 1941 406 1997 partibus
437 1941 734 1998 qualificatur
762 1942 1040 1986 naturaliter
1069 1947 1116 1985 et

194 2027 278 2068 per
310 2027 357 2055 se
389 1997 633 2068 loquendo.
657 2013 805 2066 Quare
828 2029 932 2056 cum
963 2013 1114 2070 gravi-

189 2087 261 2126 tas
294 2084 410 2127 insit
441 2084 719 2128 naturaliter
739 2089 888 2129 terrae
922 2089 969 2129 et
988 2090 1113 2129 terra

193 2156 256 2199 sit
271 2170 435 2214 corpus
453 2156 668 2214 simplex,
681 2172 867 2201 necesse
884 2162 953 2201 est
964 2157 1113 2215 ipsam

193 2227 244 2270 in
265 2228 479 2271 omnibus
500 2228 710 2285 partibus
735 2229 832 2272 suis
854 2229 1114 2285 regularem

191 2298 358 2342 habere
394 2299 672 2356 gravitatem
713 2300 966 2344 secundum
1011 2315 1114 2358 pro-

190 2369 454 2425 portionem
474 2370 781 2426 quantitatis:
805 2376 851 2415 et
872 2372 939 2415 sic
964 2371 1113 2415 adhuc

191 2441 341 2496 [nulla
372 2442 458 2497 est]
489 2442 609 2486 ratio
641 2443 896 2487 instantiae
939 2443 1114 2501 princi-

189 2511 325 2567 palis.
347 2512 484 2556 Unde
504 2513 878 2570 respondendum
900 2519 971 2558 est
991 2514 1113 2571 quod

187 2583 309 2626 ratio
331 2583 587 2628 instantiae
619 2585 873 2642 sophistica
895 2590 978 2642 est,
1002 2586 1111 2642 quia

184 2653 320 2697 fallit
341 2655 593 2698 secundum
614 2656 728 2712 quid
749 2661 796 2700 et
815 2657 1109 2714 simpliciter.

189 2724 385 2782 Propter
415 2726 537 2782 quod
584 2727 825 2772 sciendum
871 2732 942 2772 est
988 2728 1110 2784 quod

190 2799 356 2839 natura
396 2797 674 2842 universalis
720 2813 816 2843 non
863 2799 1113 2843 frustratur

190 2881 271 2910 suo
302 2867 395 2911 fine
414 2883 438 2922 ;·
456 2869 592 2924 unde,
627 2869 740 2914 licet
770 2875 938 2915 natura
969 2871 1113 2928 parti-

191 2937 360 2998 cularis
414 2939 666 2996 aliquando
716 2946 907 2999 propter
957 2939 1145 2987 inobe-¹

149 3062 152 3063 7
191 3009 422 3054 dientiam
452 3013 674 3056 materiae
706 3013 763 3056 ab
795 3013 978 3057 intento
1020 3014 1113 3058 fine

188 3078 448 3138 frustretur,
481 3087 647 3126 natura
677 3087 836 3127 tamen
875 3084 1111 3129 universa-

186 3147 246 3191 lis
267 3149 399 3193 nullo
431 3151 567 3195 modo
598 3156 752 3209 potest
786 3168 813 3195 a
845 3168 926 3196 sua
958 3153 1111 3196 inten-

183 3217 313 3263 tione
346 3220 552 3278 deficere,
577 3237 681 3266 cum
712 3227 904 3268 naturae
924 3224 1108 3268 univer-

1271 310 1411 352 grave
1442 295 1502 339 da
1531 311 1625 341 una
1657 301 1787 355 parte
1819 297 1902 343 che
1927 298 2191 357 dall'altra;

1272 382 1297 410 e
1329 366 1525 411 siccome
1556 368 1574 412 i
1605 368 1735 426 corpi
1764 370 1897 426 gravi
1939 371 1981 414 si
2027 386 2191 429 pareg-

1271 437 1414 494 giano
1459 453 1555 483 non
1602 439 1654 483 in
1694 439 1820 484 virtu.
1865 440 1916 484 di
1961 443 2188 500 quantita,

1270 510 1561 555 considerata
1593 526 1720 556 come
1762 512 1988 570 quantita,
2033 528 2109 559 ma
2140 515 2192 558 in

1269 581 1395 625 virtu
1424 582 1475 625 di
1504 598 1628 640 peso,
1674 583 1715 627 si
1745 584 1879 641 potra
1929 599 2064 629 avere
2113 600 2192 643 pa-

1268 652 1361 696 rita
1392 652 1442 696 di
1472 669 1582 711 peso
1605 669 1743 698 senza
1773 654 1856 718 che
1877 655 1923 699 ci
1953 655 2023 700 sia
2053 670 2190 713 egua-

1269 723 1458 779 glianza
1488 724 1538 768 di
1578 726 1806 782 quantita.
1847 725 1917 770 La
1947 726 2190 772 dimostra—

1269 794 1402 839 zione
1433 796 1458 838 a
1490 796 1704 853 adunque
1735 797 1952 842 sofistica.

1324 1228 1354 1278 ξ
1387 1225 1456 1267 18.
1487 1222 1547 1267 Se
1578 1239 1674 1268 non
1706 1224 1790 1268 che
1820 1225 1916 1269 tale
1948 1225 2186 1270 obiezione

1265 1310 1360 1339 non
1381 1295 1441 1338 ha
1461 1295 1630 1352 valore,
1653 1311 1781 1341 come
1803 1296 1959 1353 quella
1981 1297 2066 1342 che
2086 1312 2187 1355 pro-

1264 1367 1401 1411 viene
1432 1366 1492 1410 da
1523 1366 1776 1424 ignoranza
1807 1368 1930 1412 circa
1953 1368 2000 1412 la
2021 1373 2188 1413 natura

1264 1438 1394 1495 degli
1425 1439 1667 1495 omogenei
1698 1455 1723 1483 e
1754 1439 1832 1483 dei
1867 1440 2098 1498 semplici.
2130 1440 2183 1485 Si

1264 1510 1418 1553 danno
1436 1509 1601 1554 infatti
1617 1511 1747 1568 corpi
1763 1511 2005 1569 omogenei
2018 1527 2043 1556 e
2056 1512 2186 1570 corpi

1264 1581 1500 1639 semplici;
1518 1598 1543 1626 e
1558 1586 1690 1626 tanto
1702 1583 1773 1639 gli
1789 1583 2044 1640 omogenei,
2057 1598 2186 1628 come

1266 1652 1377 1697 l’oro
1399 1654 1636 1711 depurato,
1658 1653 1742 1698 che
1765 1654 1783 1698 i
1804 1655 2031 1713 semplici,
2055 1669 2184 1699 come

1262 1725 1299 1767 il
1330 1725 1466 1770 fuoco
1498 1741 1523 1769 e
1555 1726 1602 1769 la
1632 1730 1767 1783 terra,
1789 1725 2182 1771 uniformemente

1261 1796 1312 1838 in
1343 1797 1454 1853 ogni
1486 1797 1583 1841 loro
1604 1802 1735 1854 parte
1765 1797 1980 1841 ricevono
2001 1813 2028 1840 a
2049 1798 2183 1854 guisa

1258 1868 1307 1912 di
1338 1869 1518 1924 qualita
1563 1883 1750 1926 ognuna
1797 1868 1940 1913 delle.
1967 1869 2178 1926 passioni

1258 1940 1553 1996 provenienti
1564 1940 1623 1983 da
1638 1944 1818 1984 natura.
1837 1939 1968 1984 Onde
1982 1940 2030 1984 la
2044 1943 2180 1997 terra,

1256 2011 1338 2054 che
1370 2013 1394 2054 e
1426 2027 1491 2055 un
1511 2026 1648 2069 corpo
1669 2011 1903 2069 semplice,
1927 2011 2180 2055 uniforme-

1256 2087 1411 2127 mente
1443 2084 1494 2126 in
1526 2084 1741 2127 ciascuna
1773 2098 1854 2127 sua
1892 2088 2023 2140 parte
2070 2084 2178 2128 avra

1258 2155 1436 2211 qualita
1467 2155 1684 2212 naturali,
1717 2170 1743 2199 e
1781 2155 1852 2199 cio
1898 2155 2175 2199 necessaria·
2221 2186 2223 2189 -

1256 2236 1425 2270 mente.
1458 2227 1645 2284 Eppert')
1677 2227 1869 2271 essendo
1901 2227 1948 2270 la
1993 2227 2175 2284 gravita

1254 2302 1559 2343 connaturata
1590 2298 1711 2342 colla
1741 2302 1864 2342 terra
1895 2298 1953 2342 ed
1979 2298 2172 2342 essendo

1254 2375 1416 2427 questa
1445 2385 1511 2413 un
1542 2385 1680 2428 corpo
1712 2370 1948 2428 semplice,
1969 2371 1994 2414 ὸ
2017 2385 2173 2415 neces-

1253 2442 1373 2486 sario
1404 2441 1488 2485 che
1510 2457 1610 2485 essa
1641 2442 1693 2485 in
1714 2441 1827 2498 ogni
1846 2445 1977 2498 parte
2009 2441 2079 2485 sia
2098 2441 2178 2486 do-

1252 2517 1352 2556 tata
1382 2512 1432 2556 di
1478 2512 1660 2569 gravita
1705 2510 1939 2555 uniforme
1985 2525 2173 2569 propor-

1253 2583 1438 2626 zionata
1469 2583 1564 2626 alla
1603 2582 1832 2639 quantita.
1863 2581 1916 2626 Si
1951 2581 2174 2639 risponda

1252 2655 1419 2710 quindi
1450 2654 1533 2698 0119
1565 2655 1612 2698 la
1642 2653 1833 2711 ragione
1864 2653 1974 2697 dell’
1993 2654 2173 2697 istanza

1252 2727 1277 2768 ὸ
1309 2726 1512 2770 sofistica
1532 2725 1698 2783 percha
1721 2726 1773 2769 in
1795 2740 1895 2769 essa
1916 2725 1958 2768 si
1984 2723 2172 2769 verifica

1252 2797 1360 2853 quel
1381 2811 1548 2854 genere
1570 2797 1620 2840 di
1651 2796 1843 2840 fallacia
1865 2796 1948 2840 che
1970 2796 2170 2840 consiste

1251 2868 1330 2912 nel
1361 2873 1568 2926 trapasso
1599 2868 1658 2912 da
1689 2868 1762 2912 cio
1793 2868 1876 2912 che
1907 2868 1948 2912 si
1985 2867 2088 2912 dice
2119 2868 2172 2911 in

1250 2940 1386 2984 modo
1417 2940 1613 2984 relativo
1645 2955 1672 2983 a
1702 2940 1774 2984 0ἱὸ
1805 2939 1889 2983 0119
1920 2939 1962 2983 si
1992 2938 2096 2983 dice
2117 2939 2170 2983 in

1249 3011 1384 3055 modo
1405 3011 1622 3055 assoluto.
1643 3011 1732 3054 Per
1753 3010 1790 3053 il
1806 3010 1890 3054 che
1906 3010 1948 3054 si
1963 3010 2023 3053 ha
2044 3011 2169 3068 piut-

1246 3086 1368 3126 tosto
1399 3082 1459 3125 da
1489 3097 1648 3139 sapere
1679 3080 1762 3124 che
1794 3081 1841 3124 la
1871 3084 2037 3124 natura
2060 3080 2166 3124 uni-

1248 3153 1426 3197 versale
1457 3168 1552 3197 non
1582 3167 1746 3196 manca
1767 3151 1814 3195 al
1841 3166 1922 3195 suo
1943 3151 2064 3195 fine:
2087 3166 2168 3208 po-

1248 3225 1320 3269 tra
1351 3225 1482 3269 bensi
1515 3225 1562 3268 la
1606 3227 1772 3268 natura
1818 3222 2094 3280 particolare
2140 3238 2168 3266 a
