2326 3502
1114 162 1323 201 -48-

218 287 393 331 stiones
438 285 516 330 vel
562 300 589 329 a
635 285 784 329 multa
833 282 1040 327 stultitia
1070 283 1148 327 vel

219 374 247 402 a
277 358 426 409 multa
457 356 834 415 praesumptione
874 354 1145 412 procedunt,

219 434 462 488 propterea
493 428 615 485 quod
636 432 745 472 sunt
766 442 904 484 supra
931 426 1143 470 intellec-

150 509 155 512 '
218 506 320 545 tum
365 505 588 544 nostrum.
630 499 694 543 Et
741 499 845 542 ideo
893 497 1143 542 dicendum

219 577 289 616 est
321 572 381 615 ad
408 571 529 615 hanc
561 571 880 627 quaestionem
902 569 1025 626 quod
1057 569 1143 612 ille

222 645 515 702 dispensator
543 644 670 686 Deus
701 642 930 699 gloriosus
962 641 1043 697 qui
1077 640 1147 684 di-

223 714 461 772 spensavit
493 714 549 756 de
581 714 675 757 situ
706 713 931 770 polorum,
964 713 1022 756 de
1053 712 1173 756 situ‘

226 788 376 832 centri
406 786 583 843 mundi,
606 786 664 830 de
696 786 923 829 distantia
951 784 1150 829 ultimae

228 858 635 903 circumferentiae
671 858 880 902 universi
922 872 949 900 a
995 860 1154 900 centro

228 932 331 975 eius
363 935 410 974 et
441 929 499 974 de
531 929 642 974 aliis
674 929 1010 985 consimilibus,
1042 928 1155 972 haec

227 1002 345 1047 fecit
374 1007 613 1058 tamquam
645 1001 814 1046 melius
843 1001 965 1044 sicut
986 1005 1033 1044 et
1055 1000 1155 1044 illa.

227 1073 365 1117 Unde
397 1088 538 1130 quum
570 1073 695 1116 dixit
717 1088 728 1116 :
750 1089 775 1112 ‹<
801 1072 1154 1128 Congregentur

231 1160 374 1203 aquae
407 1146 459 1189 in
490 1146 644 1189 locum
670 1160 817 1188 unum
848 1148 895 1187 et
935 1147 1157 1201 appareat

230 1217 360 1262 arida
401 1233 456 1272 »3
505 1216 647 1260 simul
693 1220 741 1260 et
789 1215 1046 1260 virtuatum
1086 1219 1157 1258 est

233 1288 413 1331 coelum
444 1287 504 1331 ad
534 1287 767 1345 agendum
814 1291 860 1330 et
907 1291 1030 1330 terra
1078 1300 1157 1342 po-

231 1359 433 1403 tentiata
469 1359 528 1403 ad
570 1358 845 1416 patiendum
877 1359 933 1415 (c.
966 1360 1033 1415 9r,
1072 1357 1157 1400 lin.

234 1433 353 1488 2-9v‚
387 1431 472 1474 lin.
506 1433 592 1486 10).
802 1470 812 1517 Δ

297 2512 324 2564 ξ
368 2508 441 2551 22.
487 2507 719 2551 Desinant
771 2521 894 2564 ergo,
943 2506 1163 2550 desinant

237 2580 448 2624 homines
480 2593 696 2635 quaerere
739 2593 855 2635 quae
899 2593 1038 2635 supra
1085 2593 1162 2621 eos

240 2655 361 2707 sunt,
383 2655 431 2694 et
451 2654 674 2706 quaerant
690 2665 833 2706 usque
850 2664 939 2706 quo
954 2653 1162 2706 possunt,

237 2727 290 2766 ut
319 2721 508 2765 trahant
541 2736 589 2764 se
620 2721 680 2764 ad
702 2721 987 2765 immortalia
1014 2724 1062 2763 et
1093 2719 1162 2762 di-

239 2795 350 2838 vina
381 2808 464 2850 pro
495 2807 629 2850 posse
661 2808 714 2836 ac
736 2793 911 2836 maiora
942 2807 990 2835 se
1021 2791 1163 2834 relin-

242 2869 400 2920 quant.
432 2863 644 2907 Audiant
675 2864 877 2907 amicum
896 2864 927 2907 J
929 2863 985 2906 ob
1007 2862 1164 2906 dicen-

241 2941 351 2979 tem:
387 2953 412 2975 «
435 2935 675 2992 Numquid
695 2935 897 2992 vestigia
929 2934 1023 2983 Dei,
1043 2948 1165 2977 com-

241 3007 498 3064 prehendes
531 3011 578 3050 et
610 3007 992 3064 Omnipotentem
1022 3019 1165 3060 usque
1231 3031 1236 3035 -

243 3079 302 3122 ad
337 3078 676 3135 perfectionem
721 3078 960 3135 reperies?
991 3094 1032 3119 ›.
1063 3074 1164 3118 Au-

242 3150 376 3192 diant
408 3149 710 3193 Psalmistam
741 3148 1006 3192 dicentem:
1031 3161 1055 3188 «
1077 3146 1165 3189 Μ1-

243 3220 406 3263 rabilis
428 3220 554 3264 facta
585 3225 656 3264 est
677 3220 875 3264 scientia
895 3224 976 3263 tua
997 3233 1055 3261 ex
1077 3232 1163 3273 me,

1284 285 1454 330 sferica
1485 285 1527 329 si
1557 285 1627 329 sia
1657 284 1858 328 formata
1891 284 2020 328 dalla
2049 288 2215 328 nostra

1285 362 1417 415 parte
1449 356 1640 401 anziche
1673 355 1921 400 dall'altra.
1941 355 1987 400 A
2016 356 2090 400 01ὸ
2109 356 2144 400 s’
2155 356 2218 400 ha

1285 444 1312 472 a
1342 428 1614 486 rispondere
1646 427 1754 484 quel
1789 427 1874 471 che
1915 427 1953 471 il
1998 427 2211 472 Filosofo

1289 500 1483 544 afferma
1513 500 1594 543 nel
1616 500 1735 543 libro
1756 498 1954 543 secondo
1975 498 2054 542 del
2076 498 2212 555 C'ielo,

1288 572 1334 615 la
1374 572 1490 616 dove
1533 571 1629 614 alla
1675 570 1916 627 questione
1963 569 2130 627 perche
2178 570 2216 613 il

1289 643 1408 688 cielo
1430 643 1472 687 si
1503 657 1667 687 muove
1699 642 1759 686 da
1794 642 1972 686 oriente
1993 655 2125 686 verso
2147 655 2219 685 oc-

1291 715 1476 759 cidente
1502 731 1527 758 e
1549 729 1646 758 11011
1676 713 1724 757 81
1744 713 1988 769 contrario,
2011 712 2115 756 dice
2136 711 2220 756 che

1296 786 1523 843 quistioni
1583 785 1760 830 siffatte
1815 784 2035 829 derivano
2086 798 2113 828 o
2163 783 2223 827 da

1297 858 1442 901 molta
1473 857 1611 902 follia
1642 872 1668 901 o
1711 857 1770 900 da
1814 860 1982 913 troppa
2027 870 2219 912 presun—

1298 930 1444 986 zione,
1477 929 1644 987 perche
1675 928 1903 973 eccedono
1943 927 1992 971 18
2036 930 2220 984 portata

1298 1001 1424 1045 della
1453 1005 1611 1046 nostra
1631 1000 1966 1057 intelligenza3
1989 999 2024 1042 s’
2041 998 2101 1042 ha
2123 998 2222 1042 cioe

1299 1088 1326 1116 a
1341 1072 1612 1130 rispondere
1634 1071 2000 1128 all’obbiezione,
2010 1070 2094 1114 che
2110 1069 2220 1126 quel

1299 1144 1501 1200 glorioso
1531 1148 1688 1188 nostro
1729 1143 1822 1187 Dio
1867 1142 1950 1186 che
1993 1145 2117 1186 tutto
2163 1141 2224 1184 ha

1299 1219 1452 1259 creato
1484 1231 1509 1259 e
1542 1215 1756 1259 ordinato
1794 1213 1996 1258 fissando
2038 1213 2086 1256 ai
2127 1211 2228 1270 poli

1300 1301 1324 1330 e
1347 1286 1394 1330 al
1415 1291 1573 1330 centro
1595 1286 1673 1329 del
1694 1284 1864 1329 mondo
1886 1284 1924 1328 il
1945 1284 2016 1328 lor
2036 1283 2226 1341 proprio

1300 1358 1405 1415 sito,
1438 1356 1792 1402 determinando
1814 1356 1862 1399 18
1892 1354 2105 1399 distanza
2127 1353 2225 1397 del-

1301 1429 1534 1474 l’estrema
1589 1426 1936 1472 circonferenza
1996 1425 2107 1470 dell’
2123 1425 2227 1470 uni-

1301 1515 1432 1545 verso
1464 1500 1544 1543 dal
1575 1503 1734 1543 centro
1764 1514 1790 1542 e
1821 1498 1983 1554 simili,
2016 1497 2118 1541 fece
2147 1511 2228 1540 an-

1302 1572 1386 1616 che
1407 1573 1493 1630 010,
1516 1587 1644 1616 001110
1667 1571 1836 1627 quello,
1859 1585 1943 1627 per
1969 1569 2007 1613 il
2037 1568 2225 1626 meglio.

1304 1644 1435 1688 Onde
1466 1643 1650 1700 quando
1681 1642 1833 1686 disse:
1868 1655 1892 1684 ‹
1913 1641 1967 1685 Si
1997 1639 2228 1684 radunino

1304 1717 1348 1760 le
1380 1731 1522 1772 acque
1555 1715 1606 1758 in
1637 1730 1703 1758 un
1735 1714 1872 1770 luogo
1903 1713 2043 1756 unico
2079 1727 2105 1756 e
2145 1726 2225 1768 ap-

1302 1788 1484 1845 parisca
1515 1785 1696 1844 l’Arida
1727 1802 1751 1826 »
1786 1784 1966 1828 conferi
2013 1784 2061 1827 al
2107 1782 2228 1826 cielo

1301 1860 1382 1904 nel
1413 1858 1664 1902 medesimo
1688 1860 1846 1913 tempo
1867 1855 1915 1899 18
1935 1855 2060 1900 virtu
2080 1854 2228 1898 attiva

1301 1931 1345 1988 (0
1366 1931 1597 1983 elevante)
1618 1944 1643 1972 e
1672 1920 1767 1972 alla
1797 1931 1921 1971 terra
1951 1926 1999 1970 la
2029 1929 2228 1983 potenza

1302 2002 1488 2060 passiva
1517 2000 1594 2058 (od
1625 1996 2004 2048 obbedienziale).

1364 2509 1392 2558 ξ
1422 2505 1494 2547 22.
1527 2502 1770 2547 Smettano
1802 2505 2020 2560 pertanto
2050 2499 2121 2557 gli
2151 2513 2230 2544 uo-

1306 2576 1438 2632 mini,
1487 2579 1718 2619 smettano
1763 2589 1858 2618 una
1905 2574 2058 2617 buona
2102 2571 2230 2616 volta

1307 2648 1349 2691 d’
1369 2648 1591 2704 indagare
1633 2647 1677 2690 le
1725 2661 1827 2690 cose
1859 2645 1942 2689 che
1988 2659 2073 2688 son
2104 2642 2229 2687 fuori

1307 2718 1433 2761 della
1464 2718 1534 2761 lor
1565 2721 1776 2774 portata:
1810 2716 1963 2759 stiano
1994 2713 2138 2772 paghi
2169 2713 2229 2756 ad

1307 2789 1511 2846 aspirare
1543 2789 1636 2832 alle
1669 2803 1771 2831 cose
1814 2785 2068 2830 immortali
2098 2801 2123 2829 0
2159 2784 2229 2828 di-

1306 2861 1428 2916 vine,
1446 2859 1757 2903 tralasciando
1773 2858 1816 2902 d’
1827 2857 2109 2913 investigare
2125 2870 2228 2900 cose

1308 2932 1390 2976 che
1423 2932 1650 2976 eccedono
1692 2932 1739 2974 la
1771 2931 1867 2974 loro
1906 2928 2229 2984 intelligenza.

1307 3004 1460 3046 Diano
1480 3007 1601 3046 retta
1621 3001 1852 3046 all’amico
1874 3000 1924 3043 di
1945 2998 2122 3042 Griobbe
2144 2996 2228 3040 che

1308 3074 1569 3131 proclama:
1603 3091 1629 3114 ‹
1651 3072 1807 3116 Potrai
1831 3071 1954 3115 forse
1973 3075 2027 3113 tu
2047 3068 2228 3125 seguire

1308 3146 1352 3189 le
1399 3146 1597 3202 vestigie
1643 3144 1694 3188 di
1740 3143 1832 3186 Dio
1868 3157 1893 3186 e
1940 3140 2228 3185 abbracciare

1309 3217 1663 3273 l’Onnipotente
1695 3214 1746 3258 in
1767 3214 1839 3257 01ὸ
1870 3212 1954 3256 0110
1974 3211 2035 3255 ha
2067 3210 2117 3254 di
2147 3210 2230 3267 piu
