2326 3502
1091 162 1306 201 -42-

204 285 271 330 sic
287 285 646 332 demonstrando
661 285 821 330 haberi
832 286 1125 343 potest.Dico

205 357 352 414 igitur
381 357 504 413 quod
535 372 672 401 causa
691 357 829 401 huius
852 357 1128 402 elevationis

206 428 411 477 efficiens
432 444 528 473 non
558 433 711 486 potest
733 444 831 473 esse
852 433 975 473 terra
996 430 1098 487 ipsa
1117 446 1126 485 ;

206 501 315 556 quia
331 515 472 556 quum
489 500 662 545 elevari
679 501 741 544 sit
763 501 998 557 quoddam
1014 501 1129 546 ferri

206 587 387 615 sursum
417 576 464 616 et
495 571 609 616 ferri
641 587 820 616 sursum
861 573 924 616 sit
969 577 1130 617 contra

205 648 420 688 naturam
450 647 612 700 terrae,
645 649 692 687 et
722 644 858 701 nihil,
881 659 965 702 per
995 660 1042 689 se
1063 645 1130 689 lo·

207 714 402 772 quondo,
427 715 575 773 possit
597 731 695 759 esse
727 731 863 760 causa
884 717 984 760 eius
1007 717 1130 773 quod

207 794 277 833 est
308 793 469 833 contra
501 804 631 834 suam
653 793 882 846 naturam,
905 789 1129 846 relinqui—

205 866 283 905 tur
327 861 449 917 quod
493 865 616 906 terra
667 861 805 904 huius
853 861 1130 906 elevationis

206 932 412 976 efficiens
443 947 581 976 causa
612 947 710 976 esse
743 947 838 976 non
868 932 1031 990 possit.
1065 932 1130 976 Et

206 1004 428 1048 similiter
478 1004 621 1048 etiam
670 1019 820 1060 neque
866 1018 985 1060 aqua
1031 1019 1130 1048 esse

207 1079 373 1133 potest,
405 1075 515 1132 quia
545 1090 686 1131 quum
718 1090 836 1132 aqua
869 1076 932 1120 sit
963 1091 1129 1133 corpus

206 1147 556 1203 homogeneum‚
581 1147 632 1190 in
653 1148 862 1204 qualibet
889 1148 962 1191 sui
982 1151 1128 1204 parte,

207 1234 291 1276 per
304 1234 353 1262 se
369 1218 611 1275 loquendo,
629 1218 930 1263 uniformiter
949 1223 1131 1276 oportet

208 1306 307 1335 esse
327 1290 549 1336 virtutem
569 1305 578 1345 ;
601 1295 648 1334 et
664 1290 731 1334 sic
751 1305 848 1334 non
868 1294 989 1334 esset
1010 1290 1131 1333 ratio

208 1362 317 1418 quia
333 1362 482 1418 magis
504 1362 729 1406 elevasset
744 1361 821 1405 hic
840 1377 978 1418 quam
1000 1361 1130 1405 alibi.

209 1434 336 1477 Hae'c
368 1434 530 1477 eadem
560 1434 679 1477 ratio
710 1438 916 1478 removet
957 1434 1015 1477 ab
1044 1433 1131 1476 1166

210 1505 483 1550 causalitate
499 1521 651 1550 aerem
666 1510 714 1550 61
730 1506 910 1563 ignem:
929 1511 975 1550 et
991 1521 1132 1563 quum

209 1593 305 1622 non
334 1582 479 1622 restat
508 1578 705 1622 ulterius
729 1578 825 1622 nisi
847 1578 1041 1634 coelum,
1064 1593 1133 1622 re-

211 1649 448 1693 ducendus
479 1653 549 1695 est
579 1649 656 1693 hic
679 1649 872 1707 effectus
904 1649 956 1692 in
978 1650 1132 1707 ipsum

210 1724 447 1776 tamquam
479 1721 531 1764 in
562 1735 746 1764 causam
768 1721 1018 1778 propriam.
1041 1720 1133 1764 Sed

211 1807 316 1836 cum
348 1792 444 1836 sint
474 1793 631 1850 plures
663 1792 795 1848 60611,
818 1791 968 1836 adhuc
989 1797 1133 1836 restat

212 1864 444 1920 inquirere
466 1864 518 1908 in
548 1864 682 1920 quod,
699 1868 936 1920 tamquam
957 1865 1008 1908 in
1029 1879 1132 1922 pro-

212 1936 363 1993 priam
395 1950 592 1992 causam,
625 1935 792 1979 habeat
821 1935 994 1980 reduci.
1026 1936 1132 1980 Non

212 2009 264 2051 in
294 2008 474 2052 coelum
505 2007 656 2064 lunae,
691 2007 800 2064 quia
831 2023 972 2064 quum
1003 2022 1133 2065 orga-

213 2095 326 2123 num
357 2094 466 2123 suae
496 2079 684 2124 virtutis
717 2080 813 2124 sive
860 2079 1134 2123 influentiae

212 2151 275 2194 sit
306 2151 408 2208 ipsa
440 2151 552 2194 luna
583 2155 630 2195 et
676 2151 778 2208 ipsa
826 2155 1012 2195 tantum
1058 2151 1134 2196 de-

215 2222 362 2266 clinet
397 2237 480 2279 per
526 2222 767 2266 zodiacum
813 2223 870 2266 ab
917 2223 1135 2280 aequino-

213 2293 348 2337 ctiali
391 2306 555 2338 'versus
611 2295 770 2351 polum
829 2295 1135 2339 antarcticum

213 2368 439 2421 quantum
468 2380 626 2409 versus
662 2366 886 2410 arcticum
932 2367 999 2411 ita
1045 2367 1136 2410 616-

216 2439 370 2479 vasset
410 2436 535 2480 ultra
581 2437 971 2493 aequinoctialem
1017 2438 1137 2482 sicut

213 2507 344 2563 citra,
356 2506 478 2563 quod
493 2521 588 2551 non
605 2512 674 2551 661
691 2508 882 2552 factum.
899 2509 996 2553 Nec
1012 2509 1138 2554 valet

214 2577 367 2621 dicere
390 2578 511 2634 quod
533 2578 618 2622 illa
639 2579 837 2624 elevatio
869 2596 964 2625 non
985 2580 1139 2638 potuit

218 2664 316 2693 esse
346 2653 536 2707 propter
570 2651 720 2707 magis
767 2652 1139 2709 appropinquare

215 2724 365 2765 161166
396 2736 479 2778 per
510 2722 934 2778 eccentricitatem;
957 2738 1067 2767 nam
1099 2724 1140 2767 si

215 2792 328 2836 haec
359 2792 508 2835 virtus
539 2791 755 2836 elevandi
780 2792 950 2851 ‘fuis-[c
998 2795 1141 2851 9r]set

219 2864 270 2906 in
304 2863 428 2919 luna,
452 2878 557 2906 cum
588 2864 777 2920 agentia
808 2865 1141 2922 propinquiora

218 2935 469 2979 virtuosius
502 2940 762 2993 operentur,
786 2937 936 2994 magis
967 2938 1141 2982 elevas-

161 3066 165 3068 *
221 3010 290 3049 set
322 3006 389 3050 ibi
420 3021 558 3062 quam
587 3006 665 3050 1116
697 3008 752 3064 (6.
783 3009 851 3064 8ν,
876 3008 961 3052 1111.
993 3009 1139 3066 34-9r,

223 3078 308 3121 lin.
341 3078 400 3133 2).

1271 287 1445 331 ricerca
1477 288 1528 331 in
1574 288 1704 332 fisica
1750 289 1820 333 616
1865 289 1995 348 dagli
2042 289 2194 335 effetti

1273 358 1366 403 alle
1398 374 1562 403 cause:
1588 360 1625 403 il
1645 360 1751 417 qual
1777 361 1972 418 1661οᾱ0,
1996 362 2192 407 6611116116

1271 430 1395 488 porti
1440 446 1527 475 con
1574 432 1622 475 66
1667 447 1761 476 11116
1802 433 2060 477 sufficiente
2098 449 2193 478 661-

1271 505 1401 546 tezza
1431 516 1526 545 non
1562 502 1672 558 pero
1718 506 1852 546 tanta
1894 518 1954 546 ne
1999 507 2194 561 apporta

1269 564 1445 629 quanta
1460 573 1605 616 riesce
1626 573 1686 616 ad
1698 577 1937 618 ottenerne
1955 574 2192 624 1116610ᾶο

1273 644 1323 688 di
1353 644 1526 688 ricerca
1547 649 1679 689 usato
1702 645 1753 688 in
1779 646 2087 703 matematica,
2110 646 2194 690 6116

1273 732 1329 761 va
1361 716 1485 761 dalle
1518 733 1665 774 cause,
1700 717 1820 762 ossia
1851 718 1977 762 dalle
2009 733 2112 762 cose
2145 718 2195 762 di

1273 803 1420 845 sopra,
1453 789 1552 846 agli
1583 789 1748 846 effetti,
1781 790 1903 834 ossia
1949 789 2042 834 alle
2087 804 2190 834 cose

1273 859 1323 903 di
1353 864 1502 904 sotto:
1535 860 1683 904 011(1’6
1716 860 1798 905 6116
1840 860 1942 904 fara
1987 860 2195 905 mestieri

1274 936 1370 976 star
1400 932 1610 976 contenti
1641 947 1669 975 a
1699 932 1809 988 quel
1837 936 1970 988 tanto
2007 932 2057 976 di
2101 947 2196 976 661-

1272 1008 1402 1048 tezza
1433 1003 1516 1048 6116
1542 1019 1634 1048 -con
1664 1004 1734 1047 tal
1763 1019 1932 1061 genere
1963 1004 2014 1048 di
2045 1003 2191 1048 dimo-

1274 1076 1502 1120 strazione
1534 1076 1575 1119 si
1605 1077 1697 1134 puo
1727 1076 2050 1133 raggiungere.
2071 1075 2191 1119 Dico

1273 1148 1486 1204 adunque
1517 1145 1669 1191 611616
1699 1162 1836 1191 causa
1866 1147 2096 1191 efficiente
2121 1147 2198 1192 del

1273 1220 1483 1278 predetto
1521 1219 1854 1263 sollevamento
1898 1218 2025 1263 della
2069 1223 2194 1263 terra

1273 1306 1369 1335 non
1398 1291 1491 1348 puo
1522 1290 1718 1335 trovarsi
1737 1290 1867 1333 nella
1886 1294 2009 1333 terra
2030 1294 2187 1347 stessa,

1275 1363 1443 1407 (1666116
1475 1361 1717 1406 sollevarsi
1737 1362 1763 1404 6
1783 1375 1912 1405 come
1932 1376 1998 1405 un
2021 1362 2192 1405 recarsi

1274 1434 1492 1490 611’1661“1,
1545 1449 1570 1477 e
1626 1432 1856 1477 muoversi
1913 1432 2119 1477 611’11161“1
2169 1434 2195 1476 6

1274 1505 1504 1551 6011116110
1535 1504 1631 1548 6116
1672 1509 1838 1548 11611116
1884 1503 2010 1548 (16116
2056 1508 2192 1561 16116,

1274 1593 1298 1621 6
1343 1577 1490 1620 niuna
1535 1591 1652 1632 cosa,
1693 1575 2053 1620 assolutamente
2094 1591 2197 1633 par-

1274 1648 1427 1704 lando,
1461 1647 1663 1705 potendo
1695 1662 1818 1691 esser
1853 1661 1990 1691 causa
2026 1647 2077 1691 di
2122 1647 2195 1691 616

1277 1720 1359 1764 6116
1390 1721 1415 1763 6
1448 1723 1608 1763 6011110
1640 1719 1687 1762 16
1718 1733 1800 1767 sua
1830 1722 2008 1775 natura,
2041 1733 2101 1763 ne
2132 1734 2201 1763 se—

1276 1807 1365 1849 gue
1397 1791 1480 1834 che
1511 1805 1607 1833 non
1638 1804 1773 1847 possa
1813 1804 1936 1833 esser
1975 1804 2112 1833 causa
2151 1789 2203 1832 di

1279 1862 1457 1906 siffatto
1495 1861 1828 1905 sollevamento
1875 1860 1922 1903 la
1964 1864 2101 1904 terra.
2133 1860 2202 1904 Lo

1278 1939 1422 1978 stesso
1453 1933 1495 1977 si
1526 1933 1631 1976 dica
1652 1932 1922 1989 dell’acqua,
1945 1931 2112 1989 perche
2134 1947 2202 1975 66-

1278 2005 1420 2050 sendo
1452 2005 1630 2061 l’acqua
1659 2019 1724 2047 un
1765 2017 1902 2060 corpo
1933 2017 2200 2060 omogeneo,

1277 2077 1328 2120 fa
1344 2076 1564 2132 mestieri,
1583 2075 1942 2120 assolutamente
1960 2073 2202 2131 parlando,

1280 2149 1364 2192 che
1385 2148 1521 2191 abbia
1542 2148 1593 2191 in
1614 2148 1831 2191 ciascuna
1852 2160 1934 2189 sua
1955 2149 2087 2203 parte
2109 2160 2205 2189 una

1279 2220 1405 2264 virtu
1458 2218 1851 2263 uniformemente
1905 2216 2202 2271 distribuit-m

1279 2307 1303 2334 e
1335 2291 1446 2348 pero
1478 2305 1574 2334 non
1605 2290 1654 2334 vi
1685 2289 1874 2333 sarebbe
1903 2287 2098 2345 ragione
2119 2288 2203 2331 che

1279 2364 1360 2420 qui
1390 2364 1474 2420 piu
1505 2363 1587 2406 6116
1609 2362 1788 2406 altrove
1809 2375 1966 2405 avesse
1988 2359 2202 2417 prodetto

1279 2435 1316 2478 il
1358 2434 1704 2478 sollevamento.
1737 2434 1908 2487 Questo
1949 2433 2203 2477 medesimo

1277 2510 1544 2563 argomento
1576 2509 1719 2549 mette
1750 2504 1858 2548 fuor
1889 2504 1940 2548 di
1970 2504 2204 2561 quistione

1279 2580 1411 2623 l’aria
1427 2596 1452 2624 e
1474 2579 1512 2622 11
1534 2571 1688 2623 11106οζ
1699 2579 1807 2623 Non
1830 2577 2048 2622 restando
2072 2577 2206 2634 quin-

1279 2651 1330 2695 di
1361 2652 1480 2694 altro
1512 2651 1595 2694 che
1627 2650 1665 2693 il
1685 2649 1819 2706 61610,
1842 2664 1870 2692 a
1893 2653 2054 2706 questo
2077 2662 2205 2692 come

1281 2738 1308 2766 a
1339 2738 1475 2766 causa
1507 2722 1752 2779 bisognera
1783 2720 2065 2776 restringere
2105 2717 2208 2762 l'ef-

1281 2795 1401 2839 fetto
1434 2794 1484 2837 di
1515 2793 1599 2837 che
1630 2793 1672 2836 si
1702 2796 1860 2836 tratta.
1892 2791 1972 2834 Ma
2009 2790 2208 2834 siccome

1280 2866 1322 2910 v’
1342 2867 1366 2909 6
1398 2865 1482 2922 piu
1513 2864 1556 2907 d’
1573 2879 1639 2907 un
1675 2863 1807 2919 cielo,
1840 2876 1980 2906 ancor
2025 2861 2205 2904 rimane

1283 2954 1310 2981 a
1341 2936 1508 2981 vedere
1539 2951 1567 2979 a
1588 2935 1723 2991 quale
1746 2949 1873 2978 come
1895 2949 1922 2977 a
1943 2947 2052 2977 vera
2074 2947 2211 2976 causa

1280 3009 1476 3065 bisogna
1506 3007 1699 3051 ridurlo.
1722 3006 1828 3050 Non
1859 3005 1906 3048 al
1939 3004 2058 3048 61610
2081 3003 2208 3047 della

1280 3080 1405 3136 luna,
1438 3079 1604 3136 perche
1638 3080 1895 3121 strumento
1936 3075 2063 3119 della
2103 3088 2207 3132 pro—

1285 3150 1389 3207 pria
1419 3150 1545 3194 virtu
1575 3163 1602 3193 o
1644 3148 1879 3191 influenza
1927 3145 2119 3190 essendo
2166 3145 2213 3188 la

1290 3222 1403 3266 luna
1454 3224 1599 3265 stessa
1650 3235 1676 3263 6
1722 3222 1883 3277 questa
1935 3215 2227 3263 declinando·
