2326 3502
1038 164 1251 202 -12-

214 291 242 343 ξ
288 290 330 332 9.
362 288 453 332 Hic
500 279 589 332 erit
635 286 774 332 ordo:
807 287 959 345 primo
1000 286 1077 330 de-

155 360 487 404 monstrabitur
518 359 806 417 impossibile
829 373 995 415 aquam
1026 358 1078 401 in

156 431 314 487 aliqua
344 435 476 488 parte
518 446 626 474 suae
673 429 1077 474 circumferentiae

155 502 368 546 altiorem
401 517 498 546 esse
530 502 615 546 hac
645 506 768 546 terra
798 506 1076 559 emergente,

155 574 252 617 sive
285 574 495 629 detecta;
521 573 720 617 secundo
743 573 1077 618 demonstrabi-

153 649 231 688 tur
260 649 431 689 terram
461 646 580 689 hanc
619 650 932 702 emergentem
979 661 1077 689 esse

151 715 321 771 ubique
373 715 587 759 altiorem
638 715 777 759 totali
832 715 1076 773 superficie

153 786 322 842 maris3
353 787 492 830 tertio
525 787 776 831 instabitur
807 791 967 831 contra
998 786 1075 831 de-

154 862 410 902 monstrata
461 862 508 902 et
563 859 768 903 solvetur
819 857 1074 912 instantia;

151 934 312 986 quarto
345 930 614 974 ostendetur
645 945 782 974 causa
826 929 983 973 finalis
1029 933 1076 973 et

151 1001 356 1044 efficiens
372 1000 510 1045 huius
518 1001 803 1057 elevationis,
816 1001 916 1044 sive
932 1015 1075 1044 emer-

150 1072 338 1129 gentiae
367 1077 546 1129 terrae3
579 1073 742 1130 quinto
780 1072 985 1116 solvetur
1014 1071 1075 1114 ad

152 1147 425 1200 argumenta
461 1143 671 1201 superius
708 1146 980 1200 praenotata
1020 1145 1073 1198 (c,

153 1216 222 1271 4v,
258 1215 341 1258 lin.
374 1216 540 1282 24-31).

213 1577 240 1627 ξ
272 1574 342 1616 10.
363 1572 481 1615 Dico
503 1586 624 1628 ergo,
648 1576 838 1629 propter
857 1572 1073 1630 primum,

154 1644 277 1701 quod
308 1644 349 1687 si
369 1659 500 1701 aqua,
523 1644 575 1687 in
596 1658 677 1687 sua
698 1643 1076 1687 circumferentia

155 1715 458 1773 considerem,
492 1719 612 1760 esset
643 1715 695 1758 in
740 1715 898 1771 aliqua
943 1719 1074 1772 parte

152 1788 292 1831 altior
322 1802 461 1844 quam
491 1791 626 1844 terra,
649 1787 735 1831 hoc
762 1791 883 1831 esset
917 1787 973 1830 de
994 1802 1073 1831 ne-

150 1859 365 1903 cessitate
382 1859 528 1904 altero
545 1860 739 1904 istorum
761 1859 955 1903 duorum
979 1874 1072 1903 mo-

150 1931 341 1974 dorum:
362 1931 440 1974 vel
471 1931 592 1987 quod
615 1946 733 1988 aqua
764 1935 884 1975 esset
914 1947 1072 1975 eccen-

150 2002 281 2059 trica,
314 2002 436 2046 sicut
466 2003 620 2060 prima
651 2007 698 2047 et
744 2003 908 2060 quinta
953 2004 1073 2047 ratio

151 2074 441 2132 procedebat,
485 2074 562 2118 vel
614 2075 748 2131 quod,
782 2076 1075 2119 concentrica

153 2146 372 2196 existens,
417 2150 537 2189 esset
582 2146 774 2203 gibbosa
820 2147 871 2190 in
916 2147 1074 2204 aliqua

158 2220 290 2274 parte
323 2217 576 2261 secundum
597 2232 736 2274 quam
766 2223 915 2262 terrae
941 2234 1074 2276 supe—

154 2287 420 2332 remineret.
452 2287 607 2332 Aliter
641 2305 739 2333 esse
775 2305 871 2334 non
905 2294 1074 2348 posset,

155 2363 208 2402 ut
242 2359 480 2403 subtiliter
510 2361 784 2418 inspicienti
821 2361 935 2405 satis
980 2375 1075 2404 ma·

157 2430 386 2474 nifestum
418 2436 501 2475 est.
522 2432 615 2476 Sed
645 2437 861 2477 neutrum
883 2433 1076 2477 istorum

150 2495 224 2545 est*
251 2502 474 2559 possibile
493 2518 502 2558 ;
526 2518 634 2560 ergo
657 2519 742 2548 nec
765 2504 886 2548 illud
907 2520 965 2548 ex
981 2519 1070 2561 quo

151 2574 205 2629 [c.
238 2573 308 2629 ὃν]
340 2573 538 2617 alterum
569 2575 644 2618 vel
676 2575 874 2619 alterum
916 2590 1072 2632 seque-

148 2644 297 2687 batur.
330 2644 685 2702 Consequentia,
708 2651 761 2690 ut
793 2647 977 2703 dicitur,
1001 2652 1071 2691 est
1112 2647 1116 2650 ’

150 2715 402 2760 manifesta
434 2731 516 2773 per
547 2717 700 2761 locum
746 2733 774 2761 a
820 2718 1071 2762 sufficienti

149 2787 379 2831 divisione
396 2803 558 2832 causae
570 2804 580 2843 ;
599 2789 953 2847 impossibilitas
965 2805 1070 2842 con-

150 2859 385 2914 sequentis
416 2875 499 2916 per
515 2875 583 2922 ¹ea
614 2875 730 2916 quae
765 2861 1071 2906 ostendentur

151 2930 393 2986 apparebit
415 2937 471 2986 (c.
493 2932 562 2988 42),
588 2932 671 2976 lin.
693 2934 748 2977 31
773 2957 791 2965 ·
812 2936 880 2989 ὃν,
905 2933 989 2983 lin.
1011 2935 1070 2988 3).

1283 292 1310 342 ξ
1341 290 1382 332 9.
1415 288 1539 332 Ecco
1571 287 1768 332 l'ordine
1800 288 1884 332 che
1913 292 2140 333 terremo:

1222 387 1273 393 —
1292 363 1331 405 1.
1343 360 1500 404 Prima
1519 361 1841 406 sidimostrera
1852 362 2141 420 impossibile

1218 432 1301 476 che
1333 432 1512 489 l'acqua
1545 432 1596 475 in
1627 431 1822 489 qualche
1842 437 1990 490 punto
2012 432 2138 478 della

1220 520 1301 549 sua
1332 504 1678 548 circonferenza
1715 505 1784 549 sia
1825 505 1904 563 piu
1949 505 2046 549 alta
2091 505 2142 550 di

1218 580 1379 633 questa
1394 580 1517 620 terra
1533 591 1709 620 emersa
1729 591 1756 621 o
1777 581 2008 635 scoperta;
2031 578 2074 621 2.
2091 577 2143 620 in

1217 648 1414 692 secondo
1435 648 1574 705 luogo
1596 649 1637 692 si
1658 649 1852 706 proveri}
1872 649 1956 693 che
1978 653 2140 706 questa

1216 725 1339 764 terra
1369 735 1545 764 emersa
1575 721 1601 763 e
1634 720 1685 764 in
1726 721 1839 778 ogni
1879 736 1962 765 sua
2009 725 2141 779 parte

1214 792 1298 850 piu
1328 791 1426 835 alta
1455 791 1614 848 d'ogni
1645 796 1776 849 parte
1807 792 1935 836 della
1986 808 2142 852 super-

1216 863 1321 907 ficie
1359 862 1437 907 del
1478 878 1632 918 mare;
1665 866 1707 907 3.
1741 863 1792 906 in
1829 867 1955 908 terzo
2003 864 2140 922 luogo

1217 935 1258 978 si
1289 934 1504 978 muovera
1534 934 1854 979 un'obiezione
1883 935 1932 978 al
1961 935 2040 992 gia
2065 935 2141 979 di-

1217 1009 1437 1050 mostrato
1468 1021 1494 1050 e
1523 1006 1573 1050 vi
1603 1006 1644 1049 si
1673 1006 1972 1065 rispondera3
2004 1007 2047 1050 4.
2089 1006 2141 1051 in

1215 1080 1378 1134 quarto
1410 1077 1548 1134 luogo
1570 1077 1611 1121 si
1632 1077 1891 1122 dichiarera
1911 1078 2048 1135 quale
2069 1079 2140 1122 sia

1216 1149 1262 1192 la
1295 1163 1431 1192 causa
1462 1148 1604 1192 finale
1635 1148 1693 1192 ed
1725 1149 1955 1193 efficiente
1997 1149 2048 1194 di
2093 1152 2134 1195 si

1216 1220 1335 1264 fatto
1386 1219 1720 1263 sollevamento
1771 1220 1831 1264 od
1883 1220 2141 1264 emersione

1215 1291 1341 1335 della
1372 1296 1522 1346 terra;
1555 1293 1598 1335 5.
1631 1291 1682 1334 in
1713 1291 1876 1348 quinto
1918 1291 2055 1348 luogo
2099 1292 2140 1335 si

1215 1363 1487 1420 rispondera
1504 1362 1602 1419 agli
1625 1363 1884 1419 argomenti
1907 1364 1988 1421 qui
2005 1377 2139 1421 sopra

1219 1433 1415 1478 addotti.

1275 1581 1303 1632 ξ
1335 1579 1404 1621 10.
1436 1576 1676 1634 Riguardo
1707 1577 1803 1621 alla
1833 1578 1985 1636 prima
2007 1582 2139 1636 parte

1219 1650 1263 1693 io
1295 1649 1487 1693 affermo
1519 1649 1602 1693 che
1633 1664 1681 1693 se
1713 1649 1904 1706 l’acqua,
1927 1649 2136 1694 conside-

1217 1725 1318 1765 rata
1358 1721 1487 1764 nella
1533 1736 1615 1765 sua
1662 1721 1883 1777 sfericita,
1916 1721 2040 1766 fosse
2087 1722 2139 1765 in

1217 1792 1412 1848 qualche
1442 1796 1589 1849 punto
1622 1792 1701 1849 piu
1731 1792 1828 1836 alta
1848 1792 1974 1836 della
1999 1796 2135 1849 terra,

1215 1863 1265 1906 di
1286 1863 1515 1907 necessita
1531 1863 1603 1907 cio
1621 1863 1896 1908 avverrebbe
1917 1864 2029 1908 nell'
2043 1880 2136 1908 uno

1215 1949 1241 1978 o
1272 1933 1507 1978 nell'altro
1539 1934 1590 1978 di
1620 1934 1771 1991 questi
1802 1934 1892 1979 due
1923 1934 2074 1980 modi:
2107 1950 2134 1980 o

1215 2005 1380 2064 perche
1417 2005 1595 2062 l’acqua
1631 2007 1655 2048 e
1703 2006 1974 2063 eccentrica,
2006 2021 2135 2051 come

1213 2076 1438 2120 risultava
1468 2075 1547 2119 dal
1578 2076 1729 2134 primo
1771 2092 1796 2121 e
1843 2077 1922 2121 dal
1967 2078 2131 2135 quinto

1215 2151 1495 2205 argomento,
1529 2162 1555 2191 o
1587 2148 1754 2206 perche
1776 2148 2002 2206 giacendo
2025 2163 2132 2194 con-

1215 2219 1419 2263 centrica
1470 2218 1564 2262 alla
1610 2223 1744 2275 terra,
1793 2219 1827 2263 s'
1850 2220 2039 2264 innalza
2085 2220 2137 2264 in

1212 2289 1406 2347 qualche
1436 2294 1582 2347 punto
1615 2290 1667 2334 in
1686 2290 1917 2347 gibbosita
1951 2290 2036 2336 che
2066 2306 2136 2336 so-

1213 2366 1366 2406 vrasta
1397 2360 1456 2404 ad
1488 2376 1601 2405 essa.
1633 2363 1694 2404 In
1724 2361 1843 2406 altro
1874 2362 2010 2407 modo
2040 2378 2136 2407 non

1213 2433 1305 2490 puo
1335 2432 1472 2489 darsi,
1501 2447 1629 2476 come
1661 2433 1702 2477 si
1732 2433 1782 2477 fa
1813 2433 1968 2478 chiaro
1999 2434 2134 2478 abba-

1213 2508 1374 2547 stanza
1405 2518 1432 2546 a
1463 2504 1539 2547 chi
1570 2504 1859 2549 sottilmente
1890 2505 2066 2562 guarda
2086 2505 2134 2549 la

1213 2591 1334 2620 cosa.
1367 2576 1445 2618 Ma
1475 2577 1534 2618 ne
1568 2575 1597 2618 l’
1616 2590 1709 2620 uno
1740 2577 1800 2619 ne
1821 2564 1976 2620 l'altro
1998 2576 2134 2620 modo

1211 2647 1303 2704 pub
1350 2646 1496 2701 darsi3
1547 2647 1733 2703 dunque
1783 2663 1992 2705 neppure
2042 2647 2134 2705 pub

1210 2718 1335 2762 darsi
1367 2719 1439 2762 cio
1473 2718 1623 2762 donde
1655 2719 1696 2762 si
1728 2718 1945 2763 derivava
1986 2718 2018 2762 l’
2040 2733 2133 2762 uno

1210 2805 1236 2833 o
1285 2790 1438 2833 l'altro
1485 2794 1809 2846 conseguente.
1858 2790 1928 2833 La
1975 2804 2133 2834 conse-

1211 2876 1402 2918 guenza,
1435 2876 1562 2905 come
1594 2861 1722 2904 detto
1753 2861 1794 2904 si
1824 2862 1862 2916 e,
1896 2861 1943 2905 si.
1958 2860 2132 2904 deduce

1213 2932 1528 2986 chiaramente
1563 2931 1642 2975 dal
1681 2932 1820 2989 luogo
1856 2931 2008 2988 logico
2050 2931 2133 2976 che

1210 3005 1384 3063 prende
1415 3006 1454 3049 il
1483 3020 1619 3050 nome
1652 3004 1701 3048 di
1733 3005 1965 3050 divisione
2007 3005 2132 3048 suffi-

1211 3078 1362 3123 ciente
1394 3078 1520 3123 della
1561 3093 1725 3134 causa;
1758 3077 2131 3135 l'impossibilita

1210 3150 1289 3193 del
1305 3154 1614 3207 conseguente
1626 3149 1842 3207 apparira
1858 3148 1936 3192 dal
1949 3148 2131 3206 seguito

1212 3219 1338 3265 della
1371 3220 1742 3265 dimostrazione.
1946 3224 1948 3227 ’
