2326 3502
1114 162 1299 201 ...4-

215 297 263 336 et
278 291 477 335 formam
497 289 642 334 totius
664 287 998 346 disputationis
1019 286 1140 330 cala-

213 364 268 421 [c.
283 364 313 407 4
333 363 450 419 r]mo
468 361 711 419 designare
727 362 781 415 (c.
798 361 867 415 δυ,
887 358 972 402 lin.
988 358 1136 413 20-4r‚

214 435 299 479 lin.
333 434 390 493 l).

275 864 302 914 ξ
333 862 376 904 2.
410 859 628 912 Quaestio
655 858 802 916 igitur
831 857 926 902 fuit
955 857 1013 901 de
1045 856 1140 900 situ

217 937 264 976 et
294 931 442 988 figura
474 931 571 975 sive
611 929 762 974 forma
809 929 1003 973 duorum
1048 928 1139 972 ele-

215 1007 488 1059 mentorum,
521 1017 666 1059 aquae
696 1000 922 1046 videlicet
962 1004 1010 1044 et
1048 1004 1139 1043 ter-

217 1090 317 1131 rae3
335 1079 382 1119 et
397 1089 510 1120 voco
525 1073 603 1118 hic
621 1073 832 1129 formam,
851 1072 987 1116 illam
1003 1085 1140 1128 quam

218 1146 528 1204 Philosophus
549 1146 685 1203 ponit
716 1146 768 1189 in
789 1148 954 1202 quarta
985 1143 1141 1201 specie

217 1218 460 1277 qualitatis
482 1218 534 1261 in
554 1218 957 1261 Praedicamentis.
982 1215 1047 1259 Et
1072 1230 1142 1258 re-

217 1291 379 1335 stricta
395 1289 489 1333 fuit
505 1289 714 1345 quaestio
730 1288 789 1331 ad
804 1288 903 1344 hoc,
918 1291 1141 1343 tanquam

216 1363 275 1406 ad
306 1361 593 1419 principium
626 1359 980 1416 investigandae
1021 1358 1121 1403 veri

215 1434 341 1490 tatis,
363 1437 416 1477 ut
446 1435 741 1489 quaereretur
762 1435 918 1475 utrum
950 1445 1068 1487 aqua
1090 1430 1142 1472 in

217 1505 411 1564 sphaera
442 1519 536 1561 sua,
568 1503 655 1547 hoc
687 1507 758 1547 est
790 1503 841 1546 in
880 1518 961 1546 sua
1007 1505 1141 1546 natu-

217 1577 308 1621 rali
339 1575 730 1631 circumferentia,
754 1574 806 1618 in
831 1573 988 1630 aliqua
1010 1577 1142 1631 parte

215 1651 338 1692 esset
369 1647 510 1691 altior
538 1651 661 1691 terra
691 1661 808 1703 quae
851 1645 1048 1702 emergit
1084 1644 1141 1687 ab

220 1718 354 1775 aquis
370 1721 418 1761 et
438 1731 579 1774 quam
600 1716 910 1761 communiter
929 1718 1141 1772 quartam

215 1789 522 1833 habitabilem
553 1788 858 1846 appellamus,
892 1791 940 1831 et
981 1801 1141 1843 argue-

217 1861 353 1904 batur
389 1860 512 1917 quod
559 1860 626 1903 sic
673 1859 837 1903 multis
866 1859 1139 1915 rationibus,

217 1946 423 1988 quarum,
441 1930 717 1988 quibusdam
739 1930 922 1974 omissis
953 1934 1143 1987 propter

216 2018 374 2047 earum
425 2003 679 2059 levitatem,
721 2001 925 2058 quinque
965 2001 1142 2045 retinui

216 2090 332 2132 quae
354 2074 560 2131 aliquam
592 2073 846 2118 efficaciam
876 2073 1044 2116 habere
1072 2071 1140 2116 vi—

217 2147 446 2191 debantur
477 2146 533 2203 (c.
566 2147 634 2202 41,
668 2145 754 2189 1111.
788 2146 921 2200 1-10).

276 2508 304 2558 ξ
350 2506 392 2548 3.
423 2503 582 2547 Prima
628 2502 723 2546 fuit
769 2501 895 2545 talis.
932 2501 1139 2546 Duarum

218 2573 698 2619 circumferentiarum
714 2572 1024 2628 inaequaliter
1043 2588 1070 2616 a
1091 2589 1139 2617 se

218 2645 495 2690 distantium
511 2644 800 2702 impossibile
812 2647 882 2687 est
901 2643 1026 2687 idem
1041 2660 1140 2688 esse

218 2722 457 2772 centrum;
500 2716 877 2760 circumferentia
907 2732 1052 2773 aquae
1093 2721 1141 2761 et

218 2787 595 2831 circumferentia
637 2791 786 2831 terrae
832 2788 1141 2844 inaequaliter

215 2858 421 2914 distant;
453 2872 561 2915 ergo
592 2862 679 2902 etc.
710 2858 893 2902 Deinde
924 2859 1139 2916 procede-

215 2929 377 2973 batur:
428 2944 570 2985 quum
615 2933 826 2973 centrum
875 2933 1024 2973 terrae
1076 2930 1139 2973 sit

216 3004 427 3044 centrum
466 3000 685 3057 universi,
724 3004 777 3044 ut
821 3001 880 3044 ab
925 3001 1138 3045 omnibus

167 3068 170 3069 ⁷
217 3071 526 3128 confirmatur,
560 3075 607 3115 et
652 3086 787 3115 omne
833 3072 955 3128 quod
999 3072 1139 3115 habet

217 3142 499 3199 positionem
530 3142 582 3186 in
613 3142 786 3186 mundo
817 3143 959 3186 aliam
990 3143 1048 3186 ab
1083 3157 1137 3186 eo

218 3213 282 3256 sit
292 3213 446 3271 altius,
466 3214 587 3271 quod
605 3214 982 3259 circumferentia
995 3229 1139 3271 aquae

1281 300 1445 342 gurare
1478 285 1626 329 dietro
1659 284 1704 328 le
1735 284 1886 342 spalle
1919 283 2048 340 degli
2095 283 2206 327 altri

1281 356 1354 400 cio
1385 356 1468 400 che
1499 355 1651 413 questi
1692 355 1786 399 han
1834 358 2070 399 sostenuto
2120 369 2207 398 con

1281 428 1430 472 buone
1461 427 1660 484 ragioni,
1693 426 1760 470 mi
1803 426 1998 484 piaeque
2036 425 2207 470 inoltre

1282 498 1332 543 di
1363 499 1532 543 lasciar
1563 499 1724 542 scritto
1757 497 1807 541 di
1838 498 1934 541 mia
1975 512 2113 542 mano
2156 497 2207 540 in

1281 574 1441 627 questo
1472 570 1747 614 documento
1789 569 1862 613 010
1898 568 1981 620 0110
2029 567 2088 612 da
2133 583 2207 612 me

1281 641 1335 685 fu
1351 641 1658 685 determinato
1680 641 1738 685 ed
1751 655 1934 699 esporre
1952 640 2072 696 anzi,
2084 643 2207 684 tutto

1282 715 1319 758 il
1349 720 1510 760 tenore
1543 715 1668 758 della
1701 714 1903 773 disputa.

1340 861 1368 912 ἓ
1416 860 1459 901 2.
1505 858 1574 901 La
1626 858 1866 914 questione
1920 872 2207 902 concerneva

1282 933 1496 985 pertanto
1545 929 1583 972 il
1630 930 1768 986 luogo
1815 945 1840 972 e
1887 929 1934 972 la
1984 929 2132 986 figura
2181 944 2207 972 0

1274 999 1432 1043 ‘forma
1463 1000 1514 1044 di
1535 1000 1633 1045 -due
1678 1000 1913 1056 elementi,
1948 999 2207 1056 dell'acqua

1283 1071 1382 1115 0100
1413 1087 1439 1116 0
1469 1071 1596 1116 della
1632 1077 1768 1116 terra.
1801 1072 1842 1115 E
1890 1070 2084 1116 intendo
2126 1072 2208 1128 qui

1283 1156 1367 1199 per
1395 1143 1547 1200 forma
1578 1143 1737 1200 quella
1768 1143 1851 1187 che
1882 1157 1965 1201 per
2000 1142 2038 1186 il
2082 1142 2209 1186 Filo-

1285 1212 1385 1257 sofo
1417 1215 1442 1256 0
1474 1214 1521 1258 la
1552 1219 1716 1272 quarta
1746 1215 1900 1273 specie
1931 1214 1982 1258 di
2027 1214 2207 1272 qualita.

1282 1284 1362 1328 nei
1392 1286 1743 1331 Predicamenti.
1766 1287 1845 1330 Ma
1875 1301 1903 1330 a
1932 1285 2106 1343 meglio
2138 1285 2209 1328 in-

1284 1357 1515 1414 vestigare
1532 1358 1569 1401 il
1585 1373 1706 1415 vero,
1725 1359 1767 1401 si
1787 1373 1970 1416 presero
1992 1358 2037 1401 le
2059 1372 2207 1401 messe

1285 1427 1345 1471 da
1360 1433 1520 1484 questo
1537 1429 1706 1472 dubbio
1729 1428 2019 1486 particolare,
2040 1442 2088 1472 se
2109 1427 2208 1471 0100

1285 1498 1463 1556 l’acqua
1508 1500 1638 1543 nella
1681 1514 1764 1544 sua
1809 1488 1944 1556 sfera‚
1994 1498 2117 1543 Ossia
2155 1499 2207 1543 in

1285 1571 1444 1629 quella
1475 1571 1822 1616 circonferenza
1842 1571 1926 1616 0110
1955 1570 2016 1614 ha
2047 1569 2108 1614 da
2126 1584 2208 1614 na-

1283 1647 1400 1700 tura,
1434 1642 1556 1688 fosse
1589 1643 1641 1687 in
1671 1643 1811 1687 alcun
1830 1647 1978 1701 punto
2008 1642 2088 1700 piu
2108 1642 2206 1687 alta

1285 1714 1411 1758 della
1425 1718 1549 1758 terra
1565 1730 1741 1760 emersa
1754 1715 1840 1759 che
1855 1717 2206 1759 comunemente

1284 1786 1326 1828 si
1357 1785 1539 1830 chiama
1561 1790 1724 1842 quarta
1745 1785 1982 1830 abitabile.
2004 1785 2046 1829 E
2072 1785 2114 1829 si
2135 1799 2205 1829 ar—

1284 1861 1562 1913 gomentava
1593 1857 1676 1901 che
1699 1858 1752 1913 si,
1775 1872 1859 1914 per
1879 1857 1958 1902 via
1988 1856 2039 1900 di
2062 1855 2205 1900 molte

1282 1928 1479 1985 ragioni,
1504 1929 1628 1973 delle
1660 1929 1800 1985 quali,
1824 1928 2062 1974 lasciando
2085 1933 2206 1973 stare

1283 1999 1448 2044 alcune
1479 2015 1563 2058 per
1593 2000 1638 2044 la
1675 2001 1772 2044 loro
1809 2001 2005 2057 tenuita,
2040 2000 2207 2057 cinque

1282 2070 1461 2115 ritenni
1501 2071 1584 2116 0110
1631 2087 1834 2118 avevano
1878 2072 1931 2116 in
1977 2072 2100 2117 vista
2143 2086 2210 2116 un

1199 2174 1202 2177 .
1282 2146 1408 2186 certo
1440 2143 1609 2188 valore.

1339 2505 1367 2556 ξ
1389 2503 1430 2545 3.
1453 2501 1636 2545 Eccone
1659 2501 1705 2544 la
1725 2500 1902 2558 prima:
1926 2524 1979 2531 —
2002 2497 2105 2544 Due
2121 2499 2207 2543 cir-

1281 2572 1558 2616 conferenze
1570 2571 1652 2616 che
1671 2571 2018 2629 inegualmente
2028 2569 2205 2633 distino

1279 2643 1354 2688 fra
1375 2644 1426 2688 di
1443 2645 1540 2689 1010
1560 2647 1585 2689 0
1603 2644 1893 2704 impossibile
1909 2643 1992 2688 che
2009 2642 2206 2687 abbiano

1278 2733 1348 2761 un
1381 2716 1632 2761 medesimo
1656 2720 1814 2761 centro
1833 2731 1844 2772 ς
1866 2729 1942 2759 ma
1963 2714 2010 2758 la
2030 2714 2206 2758 circon-

1279 2788 1470 2832 ferenza
1500 2788 1765 2844 dell'acqua
1810 2802 1835 2830 e
1880 2784 2038 2843 quella
2082 2783 2209 2828 della

1279 2864 1406 2904 terra
1448 2858 1636 2903 distano
1677 2856 2052 2914 inegualmente;
2093 2854 2209 2899 dun—

1280 2945 1368 2987 que
1398 2945 1491 2974 ecc.
1518 2954 1576 2962 —
1596 2929 1649 2974 Si
1679 2927 1954 2987 proseguiva
1984 2925 2151 2983 quindi
2181 2941 2210 2970 a

1279 3002 1522 3059 ragionare
1567 3001 1675 3056 cosi,
1723 2999 1835 3054 0100,
1872 3001 2005 3055 posto
2053 2996 2136 3041 che
2167 2997 2206 3041 il

1278 3077 1438 3117 centro
1459 3072 1586 3116 della
1612 3075 1736 3115 terra
1761 3069 1830 3113 sia
1861 3069 1900 3112 il
1930 3072 2088 3113 centro
2109 3067 2206 3112 del-

1282 3144 1312 3188 l'
1325 3145 1554 3200 universo,
1593 3157 1722 3186 come
1754 3140 1870 3185 tutti
1911 3144 2206 3197 consentono,

1277 3229 1302 3257 0
1353 3215 1436 3258 0110
1480 3218 1604 3258 tutto
1650 3213 1723 3257 010
1773 3212 1857 3256 0110
1911 3226 2084 3269 occupa
2128 3211 2209 3255 nel
