2326 3502
1114 177 1298 215 -6-

208 301 271 345 sit
292 300 432 344 altior
452 299 829 344 circumferentia
853 303 1002 343 terrae
1023 314 1128 343 con·

207 372 492 427 eludebatur,
511 386 653 427 quum
669 371 1046 415 circumferentia.
1062 387 1130 415 se—

209 446 376 498 quatur
394 442 599 498 undique
617 442 770 500 ipsum
793 447 1016 486 centrum.
1033 442 1131 486 Ma-

210 515 280 558 ior
299 513 577 571 principalis
598 513 866 571 syllogismi
888 513 1133 558 videbatur

209 589 367 642 patere
384 599 466 642 per
482 599 535 628 ea
551 599 667 641 quae
685 585 1000 628 demonstrata
1021 589 1133 629 sunt

210 656 260 699 in
291 656 557 712 geometria,
580 656 733 699 minor
754 671 836 713 per
857 671 1055 712 sensum⁷
1073 672 1126 701 eo

208 726 330 784 quod
350 727 561 771 videmus
583 727 634 770 in
656 728 812 784 aliqua
834 732 965 785 parte
981 732 1131 772 terrae

209 798 634 843 circumferentiam
667 799 848 843 includi
880 815 907 842 a
939 800 1132 843 circum-

210 870 410 914 ferentia
427 885 583 927 aquae,
603 871 654 914 in
674 871 832 927 aliqua
847 886 954 916 vero
977 871 1134 917 exclu-

211 941 261 984 di
292 944 347 997 (c.
380 943 447 999 4r,
482 942 567 986 lin.
600 943 764 998 10-21).

270 1411 298 1461 ξ
328 1408 370 1450 4.
393 1406 606 1451 Secunda
627 1407 760 1452 ratio.
783 1407 1016 1452 Nobiliori
1041 1423 1137 1452 cor—

213 1478 316 1537 pori
349 1478 540 1522 debetur
581 1479 784 1524 nobilior
831 1480 987 1535 locus;
1020 1495 1139 1536 aqua

211 1554 282 1594 est
296 1549 503 1594 nobilius
520 1564 684 1608 corpus
700 1566 839 1607 quam
860 1556 1002 1606 terra;
1027 1567 1135 1609 ergo

212 1636 356 1679 aquae
397 1620 589 1665 debetur
633 1622 838 1667 nobilior
882 1623 1023 1667 locus.
1070 1624 1135 1667 Et

212 1708 353 1750 quum
369 1692 498 1736 locus
512 1696 644 1737 tanto
667 1694 729 1737 sit
743 1693 948 1738 nobilior
961 1699 1134 1750 quanto

213 1763 422 1822 superior
441 1768 631 1821 propter
651 1765 801 1822 magis
823 1765 1134 1822 propinquare

211 1835 505 1880 nobilissimo
523 1835 786 1880 continenti
803 1836 925 1893 quod
946 1841 1016 1880 est
1037 1852 1137 1881 coe-

212 1909 310 1951 lum
332 1907 547 1964 primum,
565 1907 849 1964 relinquitur
870 1908 992 1964 quod
1009 1908 1139 1952 locus

211 1995 356 2037 aquae
388 1979 450 2023 sit
481 1979 621 2023 altior
653 1980 752 2024 loco
784 1985 934 2024 terrae
975 1985 1022 2025 et
1052 1997 1135 2039 per

212 2066 494 2108 consequens
546 2051 668 2107 quod
719 2067 838 2108 aqua
884 2052 947 2096 sit
995 2053 1135 2097 altior

210 2128 346 2179 terra,
369 2138 510 2180 quum
542 2123 658 2167 situs
684 2123 776 2167 1001
798 2127 845 2167 et
876 2124 1018 2168 locati
1039 2140 1133 2169 non

212 2196 446 2240 differant.
478 2197 629 2241 Maior
669 2201 716 2241 et
763 2197 916 2242 minor
959 2199 1134 2257 princi-

211 2268 334 2325 palis
352 2268 616 2325 syllogismi
631 2268 768 2312 huius
784 2269 980 2313 rationis
1003 2271 1134 2326 quasi

211 2338 488 2383 manifestae
545 2339 901 2384 dimittebantur
956 2343 1010 2398 (0.
1063 2341 1131 2397 4r,

213 2412 297 2455 lin.
328 2412 499 2470 21-28).

272 2880 300 2931 ξ
329 2878 373 2921 5.
395 2876 553 2920 Tertia
571 2876 693 2920 ratio
714 2880 826 2920 erat.
851 2877 1016 2921 Omnis
1037 2877 1136 2934 opi-

211 2948 292 2992 nio
313 2963 430 3004 quae
446 2947 725 2996 contradicit
741 2948 897 2992 sensui
919 2952 989 2992 est
1010 2948 1135 2992 mala

213 3019 398 3077 opini03
421 3018 606 3075 opinari
627 3033 793 3075 aquam
823 3033 919 3063 non
949 3034 1048 3063 esse
1070 3019 1136 3062 al-

212 3090 381 3134 tiorem
395 3093 519 3133 terra
535 3093 607 3134 est
621 3090 937 3134 contradicere
958 3091 1134 3144 sensui3

216 3175 325 3218 ergo
356 3165 427 3205 est
457 3161 581 3206 mala
622 3161 797 3219 opinio.
828 3161 987 3206 Prima
1017 3161 1138 3205 dice-

221 3233 357 3277 batur
396 3237 554 3289 patere
584 3247 677 3296 jper
719 3231 1139 3276 Commentatorem

1273 300 1441 344 mondo
1487 315 1580 344 una
1622 301 1861 358 posizione
1908 301 2092 345 diversa
2132 301 2192 345 da

1269 387 1368 416 esso
1400 376 1576 428 (centro
1611 371 1720 415 dell’
1733 371 1972 426 universo)
2001 373 2071 417 sia
2111 373 2192 430 piu

1267 444 1375 501 alto,
1409 459 1457 487 se
1488 459 1547 487 ne
1594 443 1832 488 deduceva
1880 444 1963 488 che
2010 444 2057 488 10
2104 444 2191 488 cir·

1270 515 1546 559 conferenza
1571 515 1830 572 dell’acqua
1851 515 1974 560 fosse
1995 516 2074 574 piu
2094 515 2192 559 alta

1271 588 1320 633 di
1351 587 1508 645 quella
1531 586 1657 629 della
1687 590 1822 643 terra,
1845 587 2015 631 dacche
2037 589 2085 632 la
2104 587 2192 632 oir-

1270 659 1544 703 conferenza
1566 657 1606 701 si
1628 672 1792 702 muova
1816 673 1900 716 per
1922 659 2035 716 ogni
2061 663 2191 717 parte

1270 731 1416 787 (nella
1438 730 1578 784 sfera)
1596 733 1778 774 attorno
1795 735 1838 774 al
1855 735 2013 775 centro
2034 735 2191 775 stesso.

1269 804 1338 846 La
1370 802 1606 859 maggiore
1637 801 1715 845 del
1757 802 2018 859 sillogismo
2065 803 2192 860 prin-

1269 874 1421 931 cipale
1453 873 1690 917 sembrava
1710 873 1950 917 risultasse
1972 873 2098 918 dalle
2119 873 2188 918 di-

1271 944 1570 988 mostrazioni
1591 944 1924 1001 geometriche3
1946 944 1995 988 10
2014 945 2193 990 minore

1270 1015 1652 1073 dall'esperienza
1698 1015 1775 1059 dei
1820 1015 1958 1072 sensi,
2003 1015 2193 1073 giacche

1269 1087 1482 1132 vediamo
1499 1087 1545 1131 la
1561 1086 1907 1131 circonferenza
1919 1087 2047 1132 della
2065 1087 2190 1132 terra

1272 1159 1323 1203 in
1344 1159 1538 1216 qualche
1567 1163 1713 1217 punto
1735 1159 1960 1216 inchiusa,
1983 1159 2034 1203 in
2065 1159 2194 1216 qual-

1272 1231 1355 1275 che
1373 1231 1492 1275 altro
1509 1231 1687 1275 esclusa
1708 1230 1836 1275 dalla
1851 1230 2195 1276 circonferenza

1274 1302 1549 1359 dell'acqua.

1331 1415 1359 1465 ἓ
1390 1412 1431 1455 4.
1463 1410 1751 1468 Argomento
1797 1410 2021 1455 secondo:
2060 1437 2113 1443 -
2150 1409 2194 1455 A

1271 1498 1336 1526 un
1366 1482 1444 1540 piu
1484 1482 1642 1526 nobile
1687 1497 1825 1541 corpo
1871 1486 2080 1540 compete
2129 1497 2195 1527 un

1272 1554 1411 1611 luogo
1443 1553 1527 1612 piu
1557 1553 1743 1610 nobile;
1776 1569 1853 1598 ma
1885 1553 2064 1612 l’acqua
2083 1555 2109 1597 ὁ
2129 1569 2195 1598 1111

1272 1640 1410 1683 001·Ρο
1441 1625 1526 1683 piu
1556 1625 1714 1669 nobile
1746 1625 1873 1670 della
1903 1629 2054 1686 terra;
2077 1625 2192 1670 dun-

1274 1711 1362 1752 que
1384 1696 1428 1739 le
1450 1700 1658 1753 compete
1680 1711 1744 1740 un
1764 1695 1849 1754 piu
1863 1695 2021 1740 nobile
2041 1695 2193 1754 luogo.

1272 1769 1312 1811 E
1346 1768 1509 1826 poiche
1542 1768 1579 1811 il
1611 1768 1749 1825 luogo
1778 1772 1912 1812 tanto
1942 1769 1967 1811 ὁ
1999 1768 2083 1826 piu
2113 1783 2194 1812 no-

1271 1840 1366 1884 bile
1398 1844 1570 1897 quanto
1601 1841 1626 1882 0
1657 1839 1741 1897 piu
1772 1839 1868 1883 alto
1906 1839 2073 1898 perche
2110 1839 2192 1898 piu

1272 1913 1367 1957 cosi
1399 1911 1652 1956 s’avvicina
1682 1927 1710 1955 a
1745 1911 1854 1968 quel
1899 1910 2193 1955 nobilissimo

1273 1986 1455 2042 (corpo)
1479 1983 1561 2027 che
1595 1983 1751 2041 (tutto)
1784 1983 1835 2026 in
1865 1984 1914 2027 se
1945 1982 2192 2027 racchiude

1277 2055 1361 2099 0110
1392 2057 1416 2098 e
1450 2055 1487 2098 il
1519 2053 1638 2099 cielo
1662 2044 1833 2113 ¹primo,
1855 2070 1915 2098 ne
1947 2069 2086 2112 segue
2112 2053 2196 2098 che

1278 2128 1315 2171 il
1346 2127 1484 2184 luogo
1516 2130 1737 2184 occupato
1761 2126 2020 2183 dall'acqua
2050 2125 2196 2170 debba

1273 2214 1396 2243 esser
1425 2199 1510 2257 piu
1541 2199 1638 2243 alto
1670 2198 1748 2242 del
1787 2198 1925 2255 luogo
1974 2201 2195 2256 occupato

1274 2270 1402 2314 dalla
1432 2274 1567 2326 terra,
1603 2285 1627 2314 e
1660 2270 1770 2328 pero
1802 2268 1884 2313 che
1917 2268 2096 2326 l’acqua
2127 2269 2196 2312 sia

1274 2341 1358 2398 piu
1389 2341 1485 2385 alta
1515 2340 1641 2384 della
1670 2345 1805 2397 terra,
1837 2339 2026 2398 giacche
2055 2344 2129 2384 tra
2149 2339 2196 2384 10

1275 2412 1532 2456 situazione
1564 2411 1641 2455 del
1683 2411 1820 2468 luogo
1865 2427 1890 2454 e
1921 2409 2078 2467 quella
2118 2409 2195 2454 del

1274 2499 1411 2541 corpo
1454 2484 1506 2527 in
1540 2498 1640 2528 esso
1683 2483 1822 2540 luogo
1853 2482 2058 2538 allogato
2098 2497 2194 2526 non

1274 2555 1315 2600 v'
1327 2555 1388 2598 ha
1409 2553 1664 2598 differenza
1685 2553 1736 2597 di
1753 2557 1890 2597 sorta.
1911 2578 1963 2584 -—
1983 2552 2052 2596 La
2068 2565 2192 2609 mag-

1275 2628 1402 2684 giore
1434 2642 1459 2670 e
1491 2626 1538 2670 la
1560 2626 1739 2670 minore
1761 2625 1839 2669 del
1860 2624 2097 2683 principal
2115 2623 2195 2667 sil-

1276 2696 1474 2754 logismo
1505 2696 1546 2740 si
1578 2696 1868 2752 tralasciava,
1891 2709 2020 2739 come
2041 2693 2196 2738 chiare

1277 2769 1357 2826 gia
1387 2783 1470 2826 per
1501 2768 1548 2811 se
1580 2771 1735 2824 stesse,
1769 2766 1819 2810 di
1850 2765 2076 2824 provarle.

1335 2881 1363 2931 ξ
1393 2879 1435 2920 5.
1467 2876 1537 2920 La
1565 2880 1692 2920 terza
1721 2875 1914 2932 ragione
1937 2874 1977 2917 si
2009 2888 2115 2917 era:
2140 2899 2195 2905 —

1278 2948 1464 2992 Gattiva
1494 2947 1716 3004 opinione
1738 2947 1762 2989 ὸ
1796 2945 1954 3002 quella
1984 2944 2067 2988 che
2090 2958 2196 2988 con-

1275 3019 1485 3063 traddice
1516 3018 1563 3062 01
1593 3017 1747 3072 sensi;
1779 3031 1856 3060 ma
1875 3016 1923 3060 ai
1945 3016 2070 3060 sensi
2091 3029 2197 3060 con-

1274 3089 1483 3133 traddice
1535 3091 1742 3146 appunto
1800 3086 2057 3144 l’opinione
2111 3086 2196 3130 che

1277 3160 1454 3218 l’acqua
1474 3174 1570 3204 non
1586 3159 1655 3203 sia
1674 3158 1759 3216 piu
1779 3157 1876 3202 alta
1896 3157 2023 3202 della
2040 3162 2164 3202 terra
2183 3172 2192 3212 ;

1278 3231 1463 3287 dunque
1481 3230 1760 3275 malamente
1781 3230 1822 3273 si
1844 3229 1984 3286 opina
2006 3230 2114 3273 cosi.
2142 3253 2194 3260 —
