2326 3502
239 207 2227 244 ›mxmmm——ss—W———fflfflss

235 988 444 1039 Quaestio
464 1002 605 1032 aurea
621 1003 675 1033 ae
689 989 912 1046 perutilis
936 989 1059 1031 edita
1072 1003 1162 1045 per

292 1061 488 1103 Dantem
517 1059 815 1117 Alaqherium
838 1065 1022 1116 poetam
1056 1061 1157 1103 Flo-

292 1132 518 1175 rentinum
550 1133 858 1175 clarissimum
894 1132 948 1174 de
990 1137 1159 1176 natura

293 1204 482 1246 duorum
503 1205 818 1247 elementorum
842 1218 986 1260 aquae
1007 1210 1049 1247 et
1071 1209 1156 1247 ter-

292 1289 373 1318 rae
403 1276 704 1319 disserentem.

289 1491 317 1542 §
326 1490 348 1531 1
356 1522 366 1531 .
374 1488 616 1532 Universis
624 1492 670 1531 et
678 1488 879 1545 singulis
890 1493 1155 1546 praesentes

230 1559 411 1603 litteras
433 1559 727 1616 inspecturis,
753 1559 930 1604 Dantes
951 1560 1154 1618 Alaghe—

226 1631 287 1674 rii
319 1631 377 1674 de
409 1630 666 1687 Florentia,
701 1631 827 1675 inter
866 1647 972 1676 vere
1004 1632 1155 1689 philo-

228 1702 477 1759 sophantes
508 1702 746 1759 minimus,
782 1703 833 1746 in
869 1718 923 1747 eo
955 1704 1153 1748 salutem

225 1774 307 1829 qui
337 1777 407 1817 est
438 1773 727 1830 principium
758 1774 971 1818 veritatis
1004 1780 1050 1818 et
1083 1775 1153 1819 lu-

226 1861 349 1889 men.

283 1916 589 1960 Manifestum
642 1918 704 1961 sit
755 1919 968 1962 omnibus
1021 1920 1151 1963 vobis

225 1987 360 2045 quod,
383 1988 617 2032 existente
650 2004 724 2033 me
755 1990 990 2047 Mantuae,
1015 2006 1149 2047 quae-

225 2052 315 2103 stio
346 2060 572 2116 quaedam
603 2066 764 2105 exorta
785 2066 855 2105 est
881 2077 996 2118 quae
1031 2062 1147 2106 dila-

223 2135 322 2175 tata
343 2131 615 2176 multotiens
638 2132 697 2176 ad
713 2134 1036 2191 apparentiam
1052 2149 1147 2177 ma-

223 2202 296 2259 gis
327 2217 465 2258 quam
497 2202 556 2246 ad
585 2204 843 2260 veritatem,
876 2203 1146 2248 indetermi-

222 2277 334 2317 nata
350 2274 568 2317 restabat.
585 2274 735 2331 Unde,
755 2290 896 2332 quum
918 2275 970 2318 in
991 2290 1145 2320 amore

221 2345 436 2389 veritatis
468 2361 493 2389 e
529 2346 733 2404 pueritia
774 2362 877 2390 mea
924 2348 1144 2391 continue

220 2416 309 2459 sim
354 2417 572 2473 nutritus,
616 2432 711 2462 non
758 2418 961 2462 sustinui
1008 2434 1143 2476 quae-

221 2489 421 2533 stionem
456 2489 716 2547 praefatam
762 2491 972 2548 linquere
1020 2493 1140 2536 indi-

221 2575 436 2616 scussam,
460 2561 540 2604 sed
561 2562 742 2619 placuit
773 2562 830 2606 de
862 2562 965 2620 ipsa
984 2578 1144 2607 verum

221 2630 475 2687 ostendere,
498 2647 583 2675 nec
603 2647 699 2676 non
721 2638 993 2690 argumenta
1017 2633 1144 2677 facta

220 2706 380 2745 contra
397 2702 648 2748 dissolvere
669 2709 770 2748 tum
786 2705 998 2748 veritatis
1020 2719 1143 2748 amo-

219 2788 281 2829 re,
303 2777 405 2816 tum
436 2775 578 2818 etiam
608 2775 715 2819 odio
737 2775 977 2820 falsitatis.
999 2776 1064 2819 Et
1084 2791 1143 2820 ne

219 2845 340 2905 livor
354 2846 605 2890 multorum
622 2847 716 2903 qui,
731 2847 997 2891 absentibus
1013 2847 1140 2903 viris,

218 2916 451 2960 invidiosa
491 2917 734 2961 mendacia
771 2917 1034 2974 confingere
1072 2932 1141 2961 so-

219 2987 331 3043 lent,
355 2992 460 3044 post
490 2992 672 3045 tergum
703 2989 821 3033 bene
843 2988 970 3032 dicta
989 2993 1139 3032 trans-

152 3062 155 3063 ’
216 3062 410 3114 mutent,
443 3059 624 3116 placuit
655 3060 846 3117 insuper
878 3060 929 3103 in
958 3059 1044 3103 hac
1067 3074 1138 3103 ce-

217 3129 340 3185 dula,
388 3128 504 3173 meis
555 3130 720 3187 digitis
766 3135 968 3187 exarata,
1016 3131 1136 3187 quod

217 3201 575 3246 determinatum
597 3202 691 3246 fuit
722 3219 749 3246 a
780 3219 853 3247 me
875 3204 1136 3260 relinquere

1301 987 1455 1032 Aurea
1484 1004 1507 1032 e
1540 990 1790 1042 utilissima
1831 992 2059 1048 questione
2098 991 2222 1035 edita

1359 1061 1440 1103 dal
1486 1061 1769 1106 chiarissimo
1808 1067 1945 1120 poeta
1989 1063 2222 1120 florentino

1359 1132 1508 1175 Dante
1538 1130 1776 1190 Aliyhieri,
1813 1134 1936 1177 nella
1977 1133 2110 1190 quale
2152 1134 2220 1176 di·
2292 1170 2295 1172 ,

1356 1217 1504 1247 scorre
1534 1203 1658 1248 della
1687 1209 1857 1248 natu-ra
1901 1205 1974 1248 dei
2015 1205 2100 1248 due
2137 1205 2220 1247 ele-

1358 1275 1497 1319 menti
1527 1275 1781 1332 dell’acqua
1811 1290 1834 1319 e
1863 1276 1987 1319 della
2023 1280 2160 1319 terra.

1357 1491 1384 1542 ξ
1408 1491 1448 1532 1.
1465 1487 1508 1531 Α
1525 1489 1638 1532 tutti
1654 1489 1802 1546 quelli
1817 1504 1845 1533 a
1866 1489 1942 1533 cui
1958 1489 2009 1532 in
2026 1503 2218 1533 comune

1297 1574 1322 1602 o
1355 1560 1406 1602 in
1436 1560 1712 1618 particolare
1744 1561 1880 1605 cadri.
1912 1565 2032 1605 sotto
2054 1561 2124 1618 gli
2146 1575 2218 1604 oc-

1296 1631 1372 1675 chi
1405 1631 1442 1675 il
1472 1636 1686 1689 presente
1720 1633 1896 1690 scritto,
1928 1633 2083 1676 Dante
2113 1631 2215 1676 Ali-

1295 1702 1448 1759 ghieri
1498 1703 1558 1746 da
1607 1704 1818 1762 Firenze,
1868 1704 1899 1749 l’
1918 1704 2088 1748 ultimo
2139 1703 2217 1747 dei

1293 1775 1391 1819 veri
1423 1775 1601 1832 filosofi,
1635 1777 1764 1822 invia
1796 1777 1946 1820 salute
1984 1776 2035 1820 in
2081 1775 2216 1820 Colui

1294 1846 1377 1890 che
1408 1849 1433 1890 e
1465 1848 1702 1906 principio
1734 1849 1785 1892 di
1805 1848 1957 1892 verita
1977 1863 2002 1892 e
2024 1847 2075 1891 di
2096 1847 2213 1891 luce.

1292 1918 1337 1961 A
1379 1920 1493 1963 tutti
1529 1920 1607 1964 voi
1639 1920 1710 1963 sia
1740 1924 1851 1964 noto
1892 1919 1989 1977 che,
2031 1923 2215 1964 trovan-

1293 1990 1420 2034 domi
1451 1990 1495 2034 io
1517 1991 1568 2034 in
1590 1991 1823 2048 Mantova,
1843 2005 1965 2035 sorse
1989 2005 2083 2034 una
2107 2005 2214 2047 que-

1291 2062 1442 2106 stione
1473 2062 1552 2122 gia
1582 2063 1661 2120 piu
1702 2079 1726 2107 e
1763 2063 1847 2120 piu
1896 2062 2022 2107 volte
2065 2061 2214 2105 dibat-

1289 2137 1391 2176 tuta
1422 2147 1498 2178 ma
1519 2148 1698 2191 sempre
1730 2148 1817 2178 con
1837 2132 2096 2190 argomenti
2131 2131 2214 2176 che

1289 2219 1465 2248 avevan
1495 2204 1579 2262 piu
1610 2204 1743 2248 l’aria
1773 2205 1850 2249 del
1899 2204 2083 2248 sofisma
2129 2203 2212 2248 che

1288 2274 1365 2318 del
1395 2289 1533 2330 vero3
1566 2290 1591 2318 e
1640 2274 1724 2319 che
1770 2275 1880 2333 pero
1910 2279 2092 2319 restava
2131 2289 2211 2318 an-

1290 2360 1395 2390 cora
1442 2346 1664 2391 indecisa.
1709 2347 1826 2391 Ond’
1850 2348 1875 2391 ὁ
1907 2347 1990 2391 0110
2023 2347 2082 2404 io,
2126 2346 2209 2391 che

1287 2418 1363 2460 sin
1394 2417 1522 2462 dalla
1553 2419 1865 2464 fanciullezza
1907 2434 1991 2463 son
2031 2422 2208 2463 costan-

1287 2493 1491 2535 temente
1524 2492 1749 2536 cresciuto
1780 2491 2050 2535 nell’amore
2081 2490 2207 2534 della

1287 2561 1448 2618 verita,
1472 2577 1567 2606 non
1591 2563 1657 2606 mi
1689 2564 1817 2620 potei
1836 2568 1994 2607 tenere
2016 2561 2094 2605 dal
2114 2576 2210 2605 non

1287 2633 1487 2689 prender
1501 2638 1632 2691 parte
1655 2649 1682 2678 a
1705 2634 1885 2678 siffatta
1906 2632 2204 2688 discussione,

1285 2719 1310 2746 e
1340 2704 1457 2747 volli
1479 2705 1599 2762 anzi,
1623 2706 1693 2749 sia
1714 2721 1797 2763 per
1821 2719 1974 2749 amore
2003 2703 2081 2747 del
2101 2716 2210 2747 vero

1284 2773 1367 2817 che
1398 2790 1482 2832 per
1511 2775 1617 2819 odio
1649 2775 1727 2819 del
1750 2775 1883 2832 falso,
1907 2778 2127 2819 mostrare
2148 2773 2208 2816 da

1284 2845 1366 2888 che
1381 2850 1520 2903 parte
1559 2846 1611 2889 in
1641 2861 1742 2890 essa
1763 2850 1892 2890 stava
1913 2845 1948 2889 il
1968 2860 2088 2902 vero,
2113 2843 2212 2889 non

1284 2916 1367 2960 che
1401 2917 1642 2961 confutare
1673 2918 1744 2975 gli
1777 2916 2036 2974 argomenti
2057 2916 2207 2972 (falsi)

1284 2978 1466 3032 addotti
1498 2989 1550 3032 in
1588 2990 1831 3033 contrario.
1863 2989 1942 3032 Ma
1982 2988 2149 3046 perche
2181 3002 2208 3030 a

1282 3059 1414 3103 nulla
1445 3060 1583 3117 valga
1606 3060 1643 3102 il
1674 3059 1819 3104 livore
1851 3059 1901 3103 di
1932 3060 2041 3116 quei
2070 3059 2206 3103 molti

1280 3131 1363 3174 che
1395 3131 1548 3174 dando
1595 3135 1716 3174 retta
1761 3135 1969 3188 appunto
2016 3131 2063 3174 al
2103 3130 2204 3174 loro

1281 3203 1399 3246 astio
1437 3203 1648 3259 sogliono
1697 3192 2080 3258 bugiardamente
2128 3202 2202 3245 sfi-

2320 2705 2326 2799 1‘
