2326 3502
1093 184 1304 222 -22—

203 312 489 356 animalium.
501 310 580 354 Sic
597 308 743 367 igitur
754 312 884 367 patet
901 308 958 352 de
976 308 1126 372 primo

203 383 498 439 sufficienter,
520 381 742 426 videlicet
763 381 883 437 quod
915 380 1127 438 impossi-

201 453 312 497 bile‘
327 457 397 497 est
418 467 584 509 aquam
606 451 657 495 in
684 451 841 508 aliqua
863 455 994 509 parte
1020 466 1128 495 suae

202 523 607 569 circumferentiae
640 538 739 567 esse
781 522 1008 579 altiorem,
1042 522 1128 566 hoc

203 601 274 640 est
324 595 619 639 remotiorem
668 611 695 638 a
750 598 907 638 centro
950 593 1126 650 mundi,

202 682 341 724 quam
377 667 439 711 sit
481 666 746 724 superficies
793 666 931 710 huius
978 670 1128 710 terrae

202 739 504 782 habitabilis:
538 738 660 795 quod
692 742 790 781 erat
826 737 1030 795 primum
1077 736 1128 779 in

204 810 366 854 ordine
388 809 688 854 dicendorum
705 808 760 867 (c.
783 811 852 866 bv,
875 809 960 852 lin.
978 810 1126 864 25-6r,

206 882 292 927 lin.
324 883 413 936 23).

267 1743 295 1793 ξ
327 1739 396 1784 14.
430 1738 482 1782 Si
514 1752 622 1794 ergo
655 1737 944 1795 impossibile
977 1742 1047 1782 est
1085 1753 1130 1781 a-

207 1825 345 1867 quam
376 1825 474 1853 esse
506 1809 825 1866 eccentricam,
848 1814 901 1853 ut
932 1825 1015 1867 per
1038 1810 1132 1867 pri·

206 1896 330 1925 mam
361 1881 558 1938 figuram
581 1880 947 1924 demonstratum
979 1885 1061 1938 est,
1085 1886 1132 1926 et

207 1968 306 1996 esse
338 1967 443 1996 cum
475 1952 631 2008 aliquo
665 1952 817 2009 gibbo,
849 1955 902 1995 ut
940 1967 1022 2009 per
1058 1967 1131 1996 se·

209 2023 409 2067 cundam
441 2027 510 2067 est
542 2023 921 2079 demembratum,
945 2038 1132 2067 necesse

209 2099 279 2139 est
296 2095 447 2152 ipsam
463 2109 561 2138 esse
579 2097 920 2138 concentricam
937 2098 983 2138 et
1005 2109 1132 2138 coae-

206 2181 357 2222 quam,
389 2166 475 2210 hoc
508 2170 578 2209 est
622 2166 878 2222 aequaliter
920 2166 972 2209 in
1004 2166 1133 2210 omni

207 2241 339 2294 parte
371 2252 479 2280 suae
512 2237 917 2281 circumferentiae
955 2237 1131 2281 distan-

207 2313 303 2353 tem
325 2324 352 2352 a
383 2312 540 2352 centro
562 2309 739 2365 mundi,
761 2314 814 2353 ut
845 2309 902 2353 de
935 2325 982 2353 se
1003 2313 1133 2366 patet

210 2383 267 2435 (c.
299 2381 366 2436 ὃν,
400 2379 485 2422 lin.
517 2381 685 2436 23-27).

269 2599 297 2649 ξ
330 2596 399 2638 15.
431 2596 567 2637 Ν11116
599 2608 740 2650 arguo
783 2594 862 2640 sic.
897 2594 1133 2650 Quidquid

212 2665 528 2723 supereminet
559 2665 704 2708 alicui
735 2665 859 2722 parti
890 2665 1133 2709 circumfe-

211 2736 390 2780 rentiae
422 2736 643 2779 distantis
685 2736 941 2792 aequaliter
971 2750 997 2779 a
1029 2751 1133 2779 cen-

212 2813 297 2864 tro,
340 2811 411 2851 est
454 2807 676 2851 remotius
724 2807 780 2851 ab
827 2808 929 2865 ipso
976 2811 1133 2851 centro

212 2897 351 2939 quam
382 2881 540 2937 aliqua
571 2895 677 2938 pars
710 2881 858 2938 ipsius
890 2881 1133 2925 circumfe-

212 2953 408 3007 rentiae3
428 2952 508 2996 sed
524 2953 681 2996 omnia
698 2952 858 2996 littora
872 2957 970 2996 tam
987 2953 1134 3010 ipsius

154 3063 157 3065 6
213 3023 518 3082 Amphitritis
540 3039 677 3080 quam
699 3023 897 3068 marium
918 3024 1134 3068 mediter-

213 3110 458 3139 raneorum
490 3095 837 3152 supereminent
873 3095 1134 3151 superficiei

215 3166 533 3222 contingentis
555 3165 709 3221 maris,
731 3169 784 3208 ut
805 3169 935 3222 patet
951 3165 1009 3208 ad
1031 3180 1134 3209 0611-

218 3239 343 3293 lum;
377 3251 484 3294 ergo
520 3236 677 3280 omnia
713 3236 873 3280 littora
918 3241 1026 3282 sunt
1066 3252 1134 3281 re-

1271 311 1404 365 posto
1435 309 1476 352 si
1508 309 1599 366 pub
1630 312 1848 365 ottenere,
1891 323 2019 353 come
2051 324 2191 367 appa-

1268 379 1362 423 rira
1393 380 1445 423 in
1476 380 1669 437 seguito,
1703 394 1790 424 con
1821 380 1868 424 16
1903 376 2001 424 6016
2034 381 2191 438 gibbo-

1270 450 1360 494 sita
1410 455 1654 506 terrestre3
1703 450 1889 508 dunque
1936 467 2032 496 non
2075 452 2118 497 v’
2132 453 2192 496 116

1270 522 1501 578 gibbosita
1517 522 1684 566 alcuna
1699 522 1970 580 nell'acqua,
1989 523 2190 581 giacche,

1270 609 1397 638 come
1445 593 1548 637 dice
1596 594 1633 637 il
1679 593 1890 638 Filosofo
1937 594 2192 653 nell’opera

1270 668 1358 710 Del
1389 668 1498 711 ciclo
1519 667 1642 710 edel
1673 667 1828 710 ‘mondo
1859 681 1884 710 e
1905 666 1984 710 1161
2006 666 2124 711 libro
2146 669 2192 711 2⁰

1270 737 1504 782 dell’altra
1547 752 1686 795 opera
1727 739 1865 782 Della
1897 738 2193 783 Generazione

1270 810 1389 867 deqli
1420 810 1627 865 animali,
1650 809 1742 852 Dio
1763 824 1787 852 e
1812 809 1858 852 la
1878 813 2045 854 natura
2076 825 2192 854 sem-

1269 895 1351 938 pre
1382 879 1561 923 mirano
1593 880 1640 923 al
1672 879 1845 938 meglio
1883 895 1908 923 e
1950 881 1997 924 lo
2038 881 2192 924 tradu-

1271 966 1386 996 cono
1418 951 1470 994 in
1508 955 1619 995 atto.
1662 951 1807 995 Resta
1851 956 2066 1010 portanto
2098 955 2194 997 6061

1272 1022 1468 1067 chiarito
1485 1037 1513 1066 a
1529 1023 1795 1067 sufficienza
1811 1023 1848 1066 il
1864 1024 2015 1081 primo
2032 1028 2192 1082 punto,

1270 1094 1368 1138 cioe
1400 1094 1431 1137 l'
1445 1094 1778 1152 impossibilita
1814 1094 1897 1139 che
1930 1095 2110 1152 l'acqua
2142 1097 2194 1140 in

1270 1165 1465 1222 qualche
1496 1169 1627 1223 parte
1658 1165 1785 1210 della
1806 1181 1888 1210 sua
1919 1166 2088 1211 sferica
2121 1182 2193 1212 su-

1269 1236 1457 1294 perficie
1490 1237 1560 1280 sia
1606 1237 1691 1294 piu
1738 1237 1835 1281 alta
1881 1252 1906 1282 o
1954 1237 2038 1283 6116
2083 1239 2107 1282 ὁ
2150 1231 2203 1283 10”

1272 1312 1428 1365 stesso,
1472 1309 1551 1366 piu
1581 1312 1757 1353 remota
1798 1308 1875 1352 dal
1918 1314 2075 1354 centro
2117 1309 2195 1354 del

1271 1379 1441 1424 mondo
1473 1379 1523 1424 di
1553 1380 1710 1437 quello
1742 1380 1826 1425 che
1856 1396 1916 1425 ne
1945 1381 2015 1425 sia
2047 1382 2092 1425 16
2123 1396 2196 1426 611-

1269 1450 1458 1507 perficio
1490 1451 1540 1495 di
1561 1455 1723 1508 questa
1743 1456 1866 1496 terra
1897 1452 2133 1508 abitabile,
2157 1453 2194 1496 il

1270 1521 1353 1566 che
1370 1522 1621 1567 costituiva
1637 1526 1846 1581 appunto
1862 1523 1909 1567 la
1923 1524 2076 1581 prima
2091 1538 2196 1568 cosa

1272 1592 1356 1638 che
1389 1593 1641 1638 c'eravamo
1675 1594 1858 1652 prefissi
1891 1595 1942 1639 di
1974 1595 2195 1652 svolgere.

1334 1740 1362 1791 ξ
1394 1737 1463 1780 14.
1495 1736 1555 1780 Se
1597 1736 1810 1793 adunque
1842 1738 1867 1781 ὁ
1907 1751 1972 1781 1111
2009 1736 2197 1782 666111·ᾱο

1276 1807 1406 1852 fisico
1453 1807 1535 1851 che
1588 1807 1766 1864 l’acqua
1811 1808 1881 1851 sia
1927 1807 2195 1864 eccentrica,

1275 1894 1402 1924 come
1434 1879 1468 1923 s’
1482 1880 1506 1922 ὁ
1538 1883 1759 1923 mostrato
1791 1894 1878 1924 con
1899 1879 1946 1923 la
1972 1879 2124 1937 prima
2144 1879 2196 1922 fi-

1274 1966 1400 2008 gura,
1435 1965 1461 1995 o
1492 1950 1575 1995 che
1607 1951 1676 1995 sia
1702 1966 1789 1996 con
1820 1950 2014 2008 qualche
2039 1950 2198 2008 gibbo-

1275 2023 1377 2079 sita,
1411 2037 1539 2066 come
1570 2022 1604 2066 s'
1622 2024 1647 2066 e
1680 2026 1900 2067 mostrato
1933 2037 2020 2067 con
2052 2022 2099 2066 16
2129 2037 2197 2066 se-

1274 2093 1434 2151 conda,
1457 2095 1482 2137 6
1511 2109 1604 2138 11116
1625 2094 1755 2138 fisica
1782 2094 2022 2150 necessita,
2045 2093 2198 2138 com’e

1274 2181 1357 2223 per
1387 2181 1434 2209 se
1466 2169 1610 2210 stesso
1632 2166 1859 2222 evidente,
1893 2166 1976 2227 che
1997 2181 2098 2210 essa
2129 2165 2198 2208 616

1274 2238 1566 2282 concentrica
1588 2254 1613 2282 e
1640 2237 1873 2295 coeguale,
1897 2237 2020 2282 06616
2041 2236 2197 2294 egual-

1275 2313 1430 2352 mente
1462 2309 1666 2353 distante
1688 2309 1740 2352 in
1761 2309 1873 2366 ogni
1893 2312 2041 2366 punto
2072 2307 2198 2351 della

1275 2395 1356 2423 sua
1383 2380 1553 2424 sferica
1575 2372 1819 2438 superficie
1841 2379 1920 2424 dal
1940 2383 2098 2423 centro
2119 2378 2198 2423 del

1276 2451 1462 2495 mondo.

1334 2598 1362 2648 ξ
1394 2595 1463 2638 15.
1496 2594 1619 2638 Ecco
1657 2609 1786 2638 come
1818 2609 1897 2638 ora
1917 2596 2198 2650 argomento.

1277 2665 1400 2722 Ogni
1431 2679 1536 2709 cosa
1566 2665 1649 2708 che
1681 2665 1877 2710 sovrasti
1908 2680 1936 2708 6
1974 2663 2198 2721 qualsiasi

1275 2741 1424 2794 punto
1467 2737 1509 2780 d’
1522 2752 1617 2781 11116
1661 2736 2004 2781 circonferenza
2044 2735 2199 2792 631161-

1276 2813 1432 2853 mente
1464 2809 1668 2854 distante
1689 2809 1769 2852 dal
1790 2812 1948 2852 centro
1969 2807 1993 2850 ὸ
2015 2807 2100 2864 piu
2129 2822 2198 2850 re-

1277 2885 1402 2924 mota
1423 2880 1501 2924 dal
1522 2885 1680 2924 centro
1703 2884 1847 2923 stesso
1869 2878 1951 2922 che
1973 2878 2198 2934 qualsiasi

1278 2956 1424 3009 punto
1441 2952 1567 2996 della
1583 2955 1727 2995 stessa
1745 2949 2102 2994 circonferenza.
2120 2949 2198 2992 Ma

1276 3023 1391 3067 tutti
1432 3023 1450 3066 i
1481 3023 1583 3079 lidi,
1617 3022 1686 3066 sia
1730 3021 2012 3066 dell'oceano
2055 3023 2197 3064 stesso

1278 3094 1360 3137 che
1393 3093 1470 3138 dei
1510 3093 1628 3136 mari
1670 3091 2013 3146 mediterranei,
2047 3105 2197 3134 sovra-

1278 3170 1423 3222 stano,
1457 3180 1583 3209 come
1614 3179 1785 3222 appare
1806 3163 1853 3207 61
1883 3162 2195 3220 riguardante,

1279 3237 1375 3280 alla
1406 3235 1647 3293 superficie
1670 3235 1746 3279 del
1771 3249 1896 3278 mare
1922 3233 2005 3277 6116
2027 3233 2063 3276 11
2086 3233 2198 3276 lam·
