2326 3502
1156 186 1365 236 -50‘-

265 317 523 364 confortata
569 324 640 364 est
685 324 732 364 et
776 335 872 364 non
917 324 1078 377 potero
1124 321 1183 364 ad

262 405 365 434 eam
398 407 438 435 ».
468 390 681 435 Audiant
710 391 883 434 Isaiam
919 391 1180 435 dicentem:

265 477 289 504 «
323 463 557 515 Quantum
588 463 766 506 distant
813 463 933 507 coeli
974 478 1002 506 a
1046 467 1182 520 terra,

261 538 447 577 tantum
478 533 656 577 distant
694 535 799 578 viae
846 550 975 578 meae
1021 549 1048 578 a
1093 535 1185 579 viis

261 605 428 649 vestris
461 621 502 649 ».
533 606 828 661 Loquebatur
873 606 1088 662 equidem
1134 607 1186 650 in

263 691 460 733 persona
490 676 581 719 Dei
612 677 670 719 ad
701 676 951 721 hominem.
976 676 1187 723 Audiant

263 762 423 791 vocem
453 746 671 804 Apostoli
701 748 760 792 ad
790 748 1054 792 Romanos:
1089 763 1113 790 «ι
1146 749 1183 792 Ο

263 819 464 863 altitudo
496 819 768 863 divitiarum
790 819 1015 863 scientiae
1046 825 1094 864 et
1115 807 1184 863 sa-

264 890 472 947 pientiae
503 891 621 934 Dei:
654 906 792 947 quam
834 891 1184 948 incomprehen—

263 962 423 1006 sibilia
444 962 620 1006 iudicia
641 963 740 1006 eius
763 968 810 1006 et
831 963 1184 1020 investigabiles

262 1034 366 1078 viae
397 1034 524 1078 eius!
559 1050 600 1078 ».
632 1034 697 1077 Et
743 1034 943 1091 denique
990 1034 1186 1078 audiant

261 1100 497 1163 propriam
520 1105 750 1149 Oreatoris
772 1121 931 1150 vocem
953 1105 1155 1149 dicentis
1174 1121 1184 1149 :

263 1194 288 1216 «
322 1177 420 1229 Quo
451 1191 537 1233 ego
567 1176 689 1220 vado
719 1191 800 1222 vos
847 1192 942 1221 non
989 1177 1185 1235 potestis

261 1248 422 1293 venire
454 1264 496 1291 7».
528 1248 593 1292 Et
623 1247 737 1291 haec
769 1248 1004 1291 sufficiant
1034 1248 1094 1291 ad
1115 1248 1185 1291 in-

263 1319 567 1375 quisitionem
589 1319 799 1363 intentae
816 1319 1028 1363 veritatis
1049 1321 1102 1374 (c.
1115 1321 1183 1374 9v,

263 1390 349 1434 lin.
384 1392 452 1434 10-
463 1391 555 1449 23).

319 1967 348 2019 ξ
377 1964 450 2008 23.
480 1962 569 2007 His
599 1962 726 2020 visis,
750 1960 892 2006 facile
914 1966 984 2006 est
1005 1962 1182 2007 solvere

259 2035 319 2080 ad
350 2038 623 2092 argumenta
653 2050 769 2091 quae
791 2034 1001 2092 superius
1023 2038 1183 2078 contra

258 2107 444 2163 fiebant,
467 2106 589 2163 quod
619 2106 807 2163 quidem
829 2106 992 2163 quinto
1014 2120 1179 2163 propo-

258 2179 453 2222 nebatur
468 2178 750 2222 faciendum.
769 2178 885 2222 Cum
896 2177 1042 2234 igitur
1058 2177 1180 2221 dice-

258 2250 412 2295 batur:
430 2275 448 2282 ·
469 2250 677 2294 Duarum
698 2248 1178 2294 circumferentiarum

259 2321 568 2378 inaequaliter
588 2336 616 2364 a
637 2336 685 2365 se
707 2321 987 2364 distantium
1009 2320 1179 2377 impos-

259 2393 397 2436 sibile
418 2397 489 2436 est
509 2393 634 2437 idem
655 2407 753 2437 esse
775 2396 985 2436 centrum
1003 2406 1013 2446 ;
1036 2417 1054 2423 -
1075 2391 1180 2435 dico

259 2464 381 2520 quod
410 2480 570 2508 verum
601 2469 671 2508 est
703 2464 744 2508 si
776 2462 1180 2507 circumferentiae

260 2540 369 2580 sunt
398 2536 632 2593 regulares
664 2535 766 2579 sine
796 2535 936 2592 gibbo
967 2534 1045 2579 vel
1080 2534 1180 2590 gib-

258 2609 342 2652 bis.
365 2608 430 2652 Et
461 2623 566 2651 cum
596 2607 770 2651 dicitur
790 2607 842 2650 in
863 2606 1035 2650 minori
1056 2605 1178 2662 quod

259 2705 276 2710 -
307 2678 684 2722 circumferentia
721 2693 866 2734 aquae
909 2681 955 2720 et
987 2677 1181 2721 circum-

257 2749 459 2794 ferentia
502 2753 652 2793 terrae
699 2752 808 2792 sunt
850 2746 1129 2803 huiusmodi,
1162 2771 1180 2778 -

257 2822 362 2865 dico
393 2819 515 2876 quod
546 2835 642 2863 non
673 2824 744 2863 est
781 2834 954 2875 verum,
976 2819 1072 2862 nisi
1098 2833 1181 2876 per

257 2891 448 2948 gibbum
479 2890 560 2947 qui
592 2894 662 2934 est
709 2891 760 2934 in
801 2895 953 2945 terra3
986 2894 1033 2933 et
1074 2889 1179 2933 ideo

257 2962 378 3006 ratio
419 2976 515 3018 non
548 2961 773 3019 procedit.
805 2960 882 3004 Ad
913 2960 1181 3016 secundum,

258 3052 364 3081 cum
395 3036 656 3080 dicebatur:
683 3061 701 3068 -
734 3035 967 3080 Nobiliori
999 3035 1179 3092 corpori

258 3109 450 3152 debetur
479 3107 682 3151 nobilior
713 3107 860 3162 locus3
883 3132 901 3138 -
923 3106 1028 3150 dico
1059 3106 1181 3162 quod

257 3194 416 3224 verum
447 3183 517 3223 est
547 3178 801 3222 secundum
831 3177 1067 3235 propriam
1097 3191 1178 3220 na-

256 3256 424 3297 turam.
465 3254 512 3294 et
543 3250 743 3294 concedo
786 3249 1040 3303 minorem;
1083 3246 1176 3311 sed,

1327 321 1564 379 perfetto?
1595 339 1620 362 ›
1663 320 1816 366 Diano
1854 320 2028 379 ascolto
2067 321 2115 366 al
2144 321 2244 367 Sal-

1324 393 1464 436 mista
1495 393 1578 436 0110
1605 393 1828 436 esclama:
1862 409 1888 434 ‹
1909 393 1979 437 La
2008 397 2091 437 tua
2111 407 2247 437 cono-

1327 479 1491 507 scenza
1519 465 1545 507 e
1575 468 1708 507 tanto
1749 464 1833 521 piu
1863 464 1989 508 della
2019 464 2116 508 mia
2153 479 2247 508 ma-

1325 535 1577 591 ravigliosa
1617 535 1676 578 ed
1719 535 1895 578 eccelsa
1935 535 2018 579 che
2065 535 2111 579 io
2153 550 2249 579 non

1325 606 1456 663 petro
1473 606 1606 650 nulla
1627 605 1686 649 ad
1708 620 1808 650 essa
1826 623 1866 650 ›.
1887 606 2100 663 Porgano
2122 620 2245 650 orec-

1325 675 1430 719 chio
1462 676 1522 720 ad
1552 676 1678 719 Isaia
1715 675 1798 719 che
1829 675 1962 720 dice:
2006 693 2032 717 ‹
2065 676 2247 729 Quanto

1326 747 1510 791 distano
1552 748 1570 791 i
1611 747 1722 791 cieli
1765 747 1895 791 dalla
1933 751 2071 804 terra,
2113 751 2247 791 tanto

1325 817 1510 862 distano
1542 818 1586 862 le
1618 819 1710 862 mie
1741 819 1816 864 vie
1858 818 1984 863 dalle
2023 821 2175 864 vostre
2206 835 2246 874 ›‚

1326 891 1551 949 parlando
1572 892 1651 936 all'
1664 907 1800 937 uomo
1830 892 1960 936 nella
1978 905 2176 950 persona
2198 890 2249 934 di

1324 963 1430 1007 Dio.
1451 963 1695 1008 Ascoltino
1713 964 1760 1008 la
1775 979 1886 1009 voce
1906 962 2247 1022 dell’Apostolo

1324 1035 1371 1078 ai
1401 1035 1633 1079 Romani:
1667 1052 1692 1075 ‹
1718 1036 1760 1080 O
1791 1035 2064 1094 profondita
2085 1034 2137 1078 di
2167 1033 2246 1078 do-

1325 1106 1448 1150 vizia
1479 1105 1530 1150 di
1574 1106 1759 1151 scienza
1789 1122 1815 1151 0
1854 1106 1906 1151 di
1941 1106 2162 1164 sapienza
2193 1105 2245 1149 in

1325 1177 1444 1222 Dio!
1479 1178 1661 1231 Quanto
1693 1193 1807 1222 sono
1837 1176 2244 1235 incomprensibili

1326 1249 1343 1291 i
1375 1247 1476 1292 suoi
1507 1248 1687 1305 giudizi
1717 1264 1742 1293 0
1774 1248 2069 1294 inscrutabili
2090 1248 2135 1292 le
2166 1263 2247 1293 sue

1322 1320 1423 1365 vie!
1450 1337 1485 1365 o»
1526 1320 1568 1363 Ε
1610 1320 1838 1365 ascoltino
1879 1320 1939 1364 da
1978 1319 2148 1364 ultimo
2196 1319 2243 1363 la

1323 1406 1434 1436 voce
1466 1395 1612 1436 stessa
1642 1391 1721 1436 del
1753 1391 1967 1436 Oreatore
1998 1390 2082 1436 che
2112 1390 2245 1436 dice:

1326 1477 1350 1504 «
1372 1463 1501 1508 Dove
1531 1462 1650 1508 vado
1682 1463 1741 1520 10,
1764 1463 1842 1508 voi
1862 1478 1958 1508 non
1983 1467 2140 1521 potete
2171 1477 2247 1508 ve-

1323 1534 1425 1578 nire
1448 1552 1488 1578 ».
1521 1535 1562 1578 E
1590 1539 1751 1591 questo
1772 1535 1894 1579 baeti
1924 1534 2004 1579 all'
2022 1534 2246 1591 indagine

1320 1606 1398 1650 del
1430 1611 1647 1664 proposto
1678 1621 1800 1651 vero.

1380 1966 1408 2018 ξ
1438 1964 1510 2007 23.
1543 1962 1627 2006 Cio
1657 1960 1840 2018 veduto,
1881 1961 1908 2003 ὁ
1939 1959 2104 2017 agevol
2134 1973 2241 2003 cosa

1318 2034 1588 2092 rispondere
1609 2033 1708 2090 agli
1723 2031 1984 2089 argomenti
1999 2030 2084 2075 0110
2105 2044 2242 2088 sopra
2300 2046 2303 2049 ‘

1321 2107 1695 2163 s’accampavano
1727 2107 1899 2160 contro,
1937 2102 2022 2146 0110
2052 2117 2131 2146 era
2162 2116 2242 2159 ap·

1321 2181 1468 2235 punto
1490 2177 1527 2220 il
1547 2176 1711 2233 quinto
1738 2178 1885 2233 punto
1905 2173 2032 2218 della
2052 2173 2242 2231 disputa

1322 2249 1405 2293 che
1436 2248 1688 2293 c’eravamo
1719 2246 1930 2305 proposti
1953 2245 2005 2293 di
2034 2248 2243 2290 trattare.

1325 2313 1490 2373 Quello
1520 2323 1735 2377 pertanto
1766 2318 1850 2363 0110
1882 2317 1924 2363 si
1957 2316 2144 2362 dioeva:
2174 2339 2234 2348 --

1324 2391 1427 2435 Due
1468 2390 1810 2435 circonferenze
1850 2389 1933 2434 che
1973 2388 2105 2433 siano
2141 2387 2238 2431 ine-

1321 2462 1588 2519 gualmente
1611 2461 1808 2505 distanti
1826 2460 1900 2505 fra
1917 2459 1967 2504 di
1988 2460 2085 2504 loro
2106 2460 2131 2502 ὸ
2154 2458 2239 2502 im-

1321 2533 1543 2591 possibile
1567 2532 1651 2577 che
1673 2532 1972 2577 abbiamoaun
1991 2529 2243 2575 medesimo

1321 2609 1479 2649 centro
1489 2619 1499 2660 ;
1511 2603 1774 2648 —concedo
1790 2603 1874 2647 che
1890 2602 1961 2646 sia
1970 2616 2078 2647 vero
2098 2615 2243 2658 quan-

1320 2676 1379 2720 do
1411 2676 1455 2719 10
1500 2674 1843 2719 circonferenze
1883 2673 2015 2718 siano
2044 2671 2245 2729 regolari

1322 2762 1461 2790 senza
1512 2761 1606 2790 una
1657 2761 1684 2789 o
1735 2745 1819 2802 piu
1871 2743 2116 2801 gibbosita.
2166 2742 2246 2786 Ma

1320 2817 1504 2874 quando
1526 2818 1568 2861 si
1599 2816 1791 2860 afferma
1811 2815 1940 2859 nella
1960 2813 2139 2858 minore
2159 2812 2243 2857 che

1319 2915 1377 2920 —
1425 2889 1471 2932 la
1513 2887 1858 2932 circonferenza
1902 2885 2170 2940 dell'acqua
2216 2900 2243 2928 a

1318 2960 1475 3016 quella
1505 2959 1631 3003 della
1657 2963 1780 3002 terra
1801 2972 1884 3001 son
1914 2955 2160 3012 cosiffatte‚
2183 2979 2243 2987 -

1319 3031 1423 3074 dico
1455 3030 1539 3074 che
1559 3045 1655 3074 non
1676 3031 1701 3072 0
1732 3043 1839 3077 vero
1871 3043 1919 3071 se
1941 3042 2036 3071 non
2067 3030 2240 3083 quanto

1319 3103 1415 3146 alla
1445 3101 1677 3159 gibbosita
1719 3099 1847 3143 della
1881 3102 2032 3153 terra-3
2074 3113 2100 3141 0
2130 3096 2241 3155 pero

1319 3174 1366 3218 la
1400 3173 1595 3230 ragione
1636 3186 1732 3216 non
1771 3185 1912 3214 corre.
1960 3169 2044 3212 Cio
2074 3167 2158 3212 0110
2199 3167 2239 3210 si

1319 3245 1481 3290 diceva
1511 3243 1590 3288 nel
1622 3242 1818 3287 secondo
1850 3243 2148 3297 argomento:
2181 3262 2240 3271 —
