2326 3502
1062 179 1271 218 ..10-

229 305 258 355 §
274 302 314 345 7.
331 301 453 344 Item
470 300 748 358 arguebatur
763 300 942 357 quinto.
961 299 1096 358 Aqua

169 371 355 416 videtur
375 371 578 415 maxime
596 371 726 428 sequi
742 375 919 415 motum
941 371 1092 429 lunae,

170 447 223 487 ut
253 428 383 501 patet
414 443 465 486 in
496 458 682 487 accessu
713 447 759 487 et
789 457 972 486 recessu
999 457 1094 486 ma-

168 515 233 559 ris
251 530 260 570 ;
297 530 439 571 quum
481 515 627 572 igitur
672 515 795 558 orbis
843 514 982 558 lunae
1030 514 1094 558 sit

169 586 465 642 eccentricuS‚
477 586 756 630 rationabile
774 585 961 630 videtur
971 585 1093 642 quod

169 672 286 714 aqua
308 657 360 700 in
380 672 463 701 sua
482 657 675 714 sphaera
697 657 1092 701 eccentricitatem

169 729 380 772 imitetur
410 728 532 772 orbis
564 728 702 772 lunae
735 732 782 772 et
813 744 895 786 per
931 743 1091 772 conse-

169 815 313 857 quens
345 801 407 844 sit
437 801 724 856 eccentrica;
758 804 805 844 et
835 815 977 857 quum
1007 800 1093 844 hoc

169 887 267 916 esse
297 887 393 916 non
424 872 571 930 possit
592 872 687 916 nisi
709 872 772 916 sit
793 872 934 916 altior
953 875 1089 921 terra,

166 948 220 987 ut
251 944 302 986 in
332 944 485 1001 prima
515 944 696 988 ratione
728 948 963 988 ostensum
1006 947 1092 1000 est,

167 1014 375 1071 sequitur
416 1014 541 1059 idem
589 1015 711 1072 quod
757 1015 886 1072 prius
932 1014 988 1071 (c.
1035 1015 1092 1058 4v

169 1086 253 1130 lin.
283 1088 426 1142 8-14).
515 1075 525 1079 “

225 1591 253 1641 ξ
282 1589 325 1631 8.
347 1586 436 1630 His
457 1586 603 1643 igitur
623 1586 883 1631 rationibus
905 1591 952 1631 et
982 1586 1090 1631 aliis

166 1673 261 1702 non
307 1657 536 1714 curandis,
575 1661 803 1702 conantur
848 1658 1090 1703 ostendere

166 1744 295 1773 suam
327 1729 597 1787 opinionem
619 1745 717 1774 esse
737 1745 893 1775 veram
922 1730 1002 1787 qui
1023 1735 1090 1774 te-

166 1804 280 1843 nent
310 1815 476 1856 aquam
497 1815 595 1843 esse
618 1800 833 1844 altiorem
854 1795 978 1844 terra
999 1801 1090 1844 ista

166 1871 347 1915 detecta
369 1871 467 1915 sive
488 1870 750 1922 habitabili,
775 1872 887 1916 licet
909 1872 961 1915 in
982 1887 1087 1916 con·
1132 1871 1137 1875 ’

164 1942 359 1986 trarium
381 1946 451 1986 est
483 1957 644 1986 sensus
665 1947 712 1987 et
733 1944 868 1987 ratio.
890 1943 966 1987 Ad
987 1959 1088 1988 sen-

163 2029 264 2057 sum
296 2014 423 2058 enim
453 2013 665 2058 videmus
697 2030 780 2072 per
809 2019 958 2059 totam
995 2019 1085 2059 ter-

164 2080 263 2128 ram
293 2085 489 2129 flumina
534 2086 811 2131 descendere
858 2087 917 2130 ad
964 2103 1088 2131 mare

163 2163 260 2201 tam
292 2157 596 2201 meridionale
628 2173 766 2214 quam
813 2159 1087 2216 septentrio-

164 2228 285 2284 nale,
316 2233 414 2271 tam
444 2228 671 2273 orientale
703 2244 843 2286 quam
875 2230 1085 2274 occiden-

164 2300 271 2355 tale,
304 2299 436 2356 quod>
457 2315 553 2344 non
599 2305 732 2357 esset,
765 2301 807 2344 si
851 2301 1087 2359 principia

165 2371 412 2415 fluminum
444 2376 491 2415 et
521 2376 695 2416 tractus
727 2373 963 2417 alveorum
993 2388 1088 2416 non

165 2447 320 2487 essent
351 2443 518 2487 altiora
542 2443 645 2501 ipsa
666 2445 909 2502 superficie
930 2445 1086 2488 maris.

163 2514 239 2558 Ad
259 2514 488 2558 rationem
518 2530 626 2559 vero
658 2516 837 2573 patebit
870 2515 1084 2572 inferius,

165 2590 212 2630 et
231 2585 317 2629 hoc
338 2585 500 2629 multis
521 2587 780 2631 rationibus
802 2587 1085 2631 demonstra-

162 2657 300 2713 bitur,
333 2657 385 2699 in
416 2658 702 2702 ostendendo
734 2658 831 2702 sive
869 2658 1084 2702 determi-

163 2727 318 2771 nando
359 2728 416 2771 de
463 2729 557 2772 situ
603 2734 650 2773 et
696 2729 846 2773 forma
891 2730 1084 2773 duorum

163 2796 509 2855 elementorum,
541 2803 594 2844 ut
625 2801 835 2858 superius
864 2801 1085 2858 tangeba-

163 2874 241 2913 tur
271 2874 326 2926 (c.
358 2871 427 2926 42),
463 2871 546 2914 lin.
581 2873 748 2925 14-24).

1294 307 1321 357 ἓ
1353 305 1392 347 7.
1424 303 1801 360 S'argomentava
1832 304 2085 362 parimenti
2105 307 2157 351 in

1234 372 1399 428 quinto
1446 374 1614 431 luogo:
1652 401 1709 407 —
1752 375 1945 420 Sembra
1974 376 2073 422 ’0116
2119 378 2157 422 11

1238 447 1363 488 moto
1394 444 1654 502 dell’acqua
1685 446 1891 505 dipenda
1921 447 2001 491 dal
2031 453 2156 493 moto

1234 515 1362 559 della
1393 516 1520 574 luna,
1543 533 1671 562 come
1703 518 1743 561 si
1774 518 1889 563 vede
1916 519 1997 563 nel
2017 519 2156 564 flusso

1233 603 1258 630 e
1288 577 1472 633 riflusso
1495 589 1572 632 del
1594 605 1719 634 mare
1738 605 1748 646 ;
1771 591 1941 648 eppero
1963 591 2156 636 essendo

1232 660 1489 703 eccentrica
1531 660 1716 704 l’orbita
1768 661 1942 719 lunare,
1978 663 2156 707 sembra

1231 730 1528 787 ragionevole
1561 732 1643 775 che
1675 731 1854 789 l’acqua
1899 733 2028 778 nella
2073 749 2157 778 sua

1233 802 1355 846 sfera
1402 802 1549 846 debba
1591 803 1775 847 imitare
1823 804 2155 851 l'eccentricita

1231 870 1494 915 d011’0rb1ta
1525 870 1686 916 lunare
1723 888 1747 916 ο
1790 873 1938 918 debba
1985 857 2152 932 quinffi

1231 957 1380 986 essere
1411 943 1683 986 eccentrica.
1715 944 1794 988 Ma
1825 945 1898 989 cio
1934 960 2031 990 non
2074 961 2154 1005 po-

1230 1014 1372 1058 tendo
1403 1013 1546 1071 darsi,
1563 1030 1691 1060 come
1723 1016 1757 1060 s'
1774 1018 1800 1060 6
1831 1022 2051 1062 mostrato
2080 1019 2154 1063 col

1230 1086 1382 1144 primo
1413 1091 1695 1144 argomento,
1729 1104 1778 1133 se
1811 1089 1857 1133 la
1894 1093 2018 1134 terra
2057 1105 2153 1134 non

1230 1159 1255 1201 6
1288 1157 1371 1215 piu
1403 1157 1512 1214 alta,
1534 1173 1594 1202 ne
1616 1173 1754 1216 segue
1785 1161 1858 1205 cio
1883 1161 1967 1205 che
1982 1161 2153 1220 prima.

1288 1594 1316 1644 ἓ
1345 1591 1388 1633 8.
1423 1589 1521 1633 Gon
1553 1589 1707 1646 questi
1749 1590 2010 1647 argomenti
2051 1604 2152 1648 per-

1230 1664 1362 1705 tanto
1393 1677 1418 1704 e
1451 1675 1538 1704 con
1568 1660 1679 1704 altri
1711 1660 1760 1704 di
1790 1660 1908 1704 niun
1944 1665 2080 1706 conto
2111 1662 2152 1705 si

1231 1731 1493 1789 adoperano
1525 1747 1552 1775 a
1595 1731 1867 1776 dimostrare
1911 1731 1958 1776 la
2002 1733 2151 1777 verita

1230 1803 1356 1846 della
1386 1803 1574 1860 propria
1606 1802 1827 1860 opinione
1864 1803 2016 1847 coloro
2063 1803 2147 1848 che

1228 1874 1474 1931 ritengono
1506 1873 1588 1917 che
1621 1873 1799 1930 l’acqua
1830 1874 1900 1918 sia
1930 1874 2013 1932 piu
2054 1875 2151 1918 alta

1228 1944 1277 1987 di
1310 1948 1471 2001 questa
1492 1948 1615 1988 terra
1637 1959 1812 1988 emersa
1833 1944 1892 1988 od
1913 1944 2149 2001 abitabile,

1230 2030 1367 2059 senza
1399 2015 1573 2060 curarsi
1605 2015 1687 2059 che
1720 2015 1766 2059 la
1790 2015 2150 2060 testimonianza

1230 2086 1306 2132 dei
1322 2087 1447 2130 sensi
1466 2102 1490 2130 e
1509 2087 1545 2129 il
1563 2086 1914 2143 ragionamento
1932 2087 2085 2131 stiano
2099 2087 2150 2131 in

1227 2157 1471 2201 contrario.
1503 2158 1591 2201 Per
1622 2157 1698 2200 via
1729 2157 1806 2201 del
1827 2173 1960 2202 senso
1982 2157 2147 2202 infatti

1228 2228 1309 2272 noi
1345 2228 1558 2272 vediamo
1610 2228 1662 2271 in
1708 2232 1832 2272 tutta
1877 2233 2051 2286 quanta
2102 2229 2149 2272 la

1225 2303 1347 2343 terra
1371 2299 1538 2343 ihumi
1569 2299 1838 2344 discendere
1861 2299 1908 2343 al
1932 2315 2056 2344 mare
2078 2300 2148 2344 sia

1223 2386 1352 2415 verso
1384 2371 1704 2428 mezzogiorno
1753 2372 1836 2416 che
1882 2387 2012 2417 verso
2058 2377 2147 2416 set-

1224 2442 1472 2499 tentrione,
1494 2457 1626 2486 verso
1658 2444 1836 2488 oriente
1867 2459 1995 2489 come
2016 2459 2147 2488 verso

1226 2513 1493 2569 occidente3
1529 2514 1565 2557 il
1598 2514 1681 2558 che
1727 2530 1823 2559 non
1869 2515 2146 2560 accadrebbe

1227 2601 1274 2628 se
1293 2585 1337 2628 le
1353 2585 1478 2628 fonti
1496 2585 1572 2629 dei
1594 2586 1726 2630 fiumi
1746 2602 1771 2630 e
1788 2586 1954 2632 l’alveo
1974 2590 2146 2644 quanto

1224 2658 1248 2699 e
1281 2657 1424 2712 lungo
1455 2671 1537 2714 per
1567 2657 1604 2700 il
1634 2657 1771 2713 quale
1803 2672 2028 2714 scor-rone,
2051 2672 2146 2702 11011

1227 2727 1402 2771 fossero
1453 2728 1537 2785 piu
1590 2729 1677 2773 alti
1729 2729 1854 2774 della
1905 2728 2146 2787 superficie

1227 2802 1372 2842 stessa
1404 2798 1482 2842 dal
1514 2814 1653 2843 mare.
1687 2800 1868 2853 Quanto
1905 2799 1951 2843 al
1995 2799 2145 2857 ragio-

1224 2877 1445 2917 namento
1477 2873 1719 2918 deduttivo
1751 2874 1791 2917 si
1822 2873 1961 2918 vedra
1992 2874 2044 2917 in
2064 2887 2143 2931 ap—

1223 2957 1391 3000 presso,
1435 2943 1519 2988 che
1544 2943 1729 3001 quando
1764 2944 1910 2988 s'avra
1940 2959 1968 2988 a
1993 2943 2143 2989 'dimo-

1223 3018 1366 3058 strare
1397 3031 1423 3058 e
1454 3015 1660 3070 definire,
1683 3029 1811 3060 come
1837 3029 1971 3074 sopra
2002 3015 2043 3059 si
2073 3014 2144 3059 di-

1222 3102 1344 3144 ceva,
1378 3087 1417 3131 il
1451 3088 1589 3144 luogo
1621 3103 1646 3131 6
1677 3087 1725 3131 la
1755 3087 1904 3131 forma
1944 3086 2022 3132 dei
2052 3086 2141 3132 due

1221 3158 1442 3202 elementi
1464 3158 1724 3202 recheremo
1746 3158 1892 3202 allora
1914 3158 1965 3201 in
1985 3173 2140 3203 mezzo

1221 3229 1364 3273 molte
1385 3230 1567 3286 ragioni
1598 3245 1680 3287 per
1715 3229 2023 3274 dimostrarlo.
