2326 3502
1128 177 1338 216 -46-

232 304 439 358 possunt,
471 303 524 343 ut
570 298 1008 343 manifestissimum
1057 315 1155 344 esse

231 371 369 415 debet
399 370 612 414 omnibus
646 370 696 413 in
731 370 1027 428 philosophia
1069 386 1155 415 nu-

205 443 372 486 tritis.
404 442 541 487 Unde
578 442 673 485 alia
719 446 789 486 est
823 442 971 486 virtus
1017 443 1156 487 huius

231 515 396 558 stellae
427 518 474 557 et
506 514 651 571 illius,
675 518 722 558 et
754 514 848 557 alia
878 514 1016 558 huius
1049 530 1155 559 con-

231 589 514 633 stellationis
546 593 593 632 et
625 589 768 646 illius,
803 593 849 632 et
880 589 975 633 alia
1005 590 1154 634 virtus

231 661 471 705 stellarum
502 676 590 717 que
623 665 731 704 sunt
772 661 889 705 citra
936 662 1155 718 aequino-

230 732 419 776 ctialem
450 736 497 775 et
543 732 638 776 alia
682 747 839 776 earum
882 748 998 789 quae
1047 738 1156 777 sunt

229 805 366 848 ultra.
412 804 549 848 Unde
601 819 706 848 cum
751 805 909 849 vultus
961 805 1154 849 inferio-

227 892 299 920 res
332 876 428 920 sint
474 876 652 920 similes
690 876 897 920 vultibus
949 878 1154 935 superio-

229 948 369 1005 ribus,
401 952 454 991 ut
495 948 791 991 Ptolomaeus
833 948 964 1005 dicit,
999 964 1156 994 conse-

228 1034 374 1075 quens
405 1023 475 1063 est
505 1019 639 1076 quod,
681 1035 785 1063 cum
827 1021 916 1064 iste
960 1021 1154 1065 effectus

229 1106 325 1135 non
361 1091 509 1148 possit
553 1091 713 1135 reduci
743 1092 839 1135 nisi
882 1092 933 1135 in
975 1093 1155 1136 coelum

231 1163 482 1219 stellatum,
516 1167 568 1206 ut
605 1163 756 1207 visum
803 1168 886 1220 est,
921 1164 1045 1220 quod
1095 1165 1155 1208 si-

229 1234 449 1278 militudo
469 1234 685 1279 virtualis
707 1236 893 1292 agentis
925 1236 1161 1282 consistat.

230 1306 282 1349 in
314 1306 400 1349 illa
439 1306 629 1363 regione
677 1306 796 1350 coeli
843 1322 959 1363 quae
1003 1308 1156 1364 operit

226 1378 347 1421 hanc
366 1382 538 1421 terram
568 1377 799 1421 detectam
817 1393 827 1433 ;
851 1383 898 1422 et
923 1393 1028 1422 cum
1060 1379 1152 1423 ista

229 1454 350 1493 terra
397 1449 579 1493 detecta
626 1449 907 1493 extendatur
951 1465 978 1493 a
1026 1451 1153 1495 linea

229 1520 562 1577 aequinoctiali
583 1535 726 1577 usque
743 1521 802 1564 ad
820 1521 994 1565 lineam
1016 1537 1153 1579 quam

228 1592 449 1636 describit
479 1592 614 1650 polus
636 1591 815 1636 zodiaci
847 1593 970 1637 circa
990 1594 1151 1651 polum

228 1665 406 1721 mundi,
428 1669 481 1708 ut
513 1664 723 1722 superius
745 1664 924 1708 dictum
950 1669 1033 1722 est,
1058 1680 1153 1709 ma-

227 1735 454 1780 nifestum
491 1740 561 1779 est
605 1735 727 1791 quod
772 1736 920 1779 virtus
964 1736 1151 1781 elevans

231 1812 302 1851 est
323 1807 422 1850 illis
445 1806 597 1850 stellis
619 1817 735 1862 quae
757 1811 866 1850 sunt
888 1807 939 1850 in
960 1808 1150 1864 regione

228 1879 347 1923 coeli
378 1879 483 1922 istis
504 1878 680 1921 duobus
702 1878 890 1921 circulis
916 1884 1149 1935 contenta,

226 1951 327 1995 sive
355 1950 505 1995 elevet
526 1965 609 2007 per
629 1949 817 1992 modum
839 1950 1147 2006 attractionis,

225 2026 277 2066 ut
308 2036 501 2078 magnes
522 2021 716 2064 attrahit
737 2020 923 2077 ferrum,
948 2021 1044 2065 sive
1068 2036 1151 2078 per

224 2094 412 2137 modum
442 2092 674 2151 pulsionis
706 2092 974 2148 generando
1006 2107 1147 2150 vapo-
1223 2138 1225 2140 ,

225 2175 298 2210 166
329 2166 573 2223 pellentes,
606 2169 659 2209 ut
702 2165 752 2208 in
788 2165 1148 2222 particularibus

226 2237 646 2281 montuositatibus.
679 2236 768 2280 Sed
789 2251 923 2279 >nunc
969 2237 1149 2292 quaeri-

224 2313 313 2366 tur,
346 2323 450 2351 cum
482 2307 568 2350 illa
597 2307 726 2364 regio
760 2307 879 2351 coeli
912 2307 1148 2350 circulari-

225 2384 297 2423 ter
327 2379 515 2436 feratur,
539 2394 677 2435 quare
709 2379 795 2422 illa
821 2378 1021 2422 elevatio
1052 2393 1148 2422 non

224 2451 319 2495 fuit
349 2451 617 2506 circularis;
649 2454 697 2494 et
726 2450 982 2508 respondeo
1024 2450 1147 2506 quod

226 2522 331 2566 ideo
365 2537 462 2566 non
493 2521 589 2565 fuit
617 2521 869 2578 circularis,
903 2521 1014 2577 quia
1055 2536 1149 2564 ma-

227 2594 347 2637 teria
377 2608 472 2637 non
497 2593 754 2636 sufficiebat
776 2593 835 2636 ad
854 2596 1036 2636 tantam
1058 2592 1145 2636 ele-

226 2665 477 2709 vationem.
499 2664 591 2708 Sed
612 2668 725 2708 tunc
747 2664 959 2720 arguitur
973 2663 1145 2720 magis3

226 2740 272 2779 et
304 2736 541 2791 quaeritur
570 2750 709 2791 quare
747 2735 907 2791 potius·
947 2733 1148 2779 elevatio

227 2794 603 2864 hemispherialis
634 2805 729 2849 fuit
776 2806 832 2849 ab
880 2806 972 2850 ista
1017 2810 1148 2864 parte

226 2893 364 2934 quam
395 2878 452 2921 ab
484 2878 606 2933 alia3
639 2881 686 2920 et
727 2876 786 2919 ad
831 2877 918 2920 hoc
964 2882 1034 2920 est
1079 2877 1147 2920 di-

227 2949 438 3005 cendum,
467 2949 587 2992 sicut
618 2948 736 2991 dicit
766 2947 1075 3005 Philosophus
1097 2949 1149 2991 in

230 3020 430 3064 secundo
446 3022 514 3063 De
538 3021 664 3076 coelo,
683 3035 787 3063 cum
809 3020 990 3075 quaerit
1010 3035 1148 3075 quare

228 3091 414 3134 coelum·
438 3095 648 3135 movetur
677 3091 734 3134 ab
766 3091 944 3135 oriente
983 3091 1034 3133 in
1075 3106 1148 3134 oc—

229 3162 463 3207 cidentem
495 3165 536 3221 [c
568 3163 640 3219 9v]
662 3167 709 3206 et
739 3178 835 3207 non
867 3179 891 3207 e
914 3177 1148 3207 converso.

226 3233 444 3277 Ibi'enim
465 3234 582 3278 dicit
597 3233 719 3291 quod
728 3234 996 3278 consimiles
1013 3247 1147 3289 quae—

1299 302 1425 346 nelle
1457 303 1704 362 immagini
1734 306 1858 351 delle
1879 308 2216 367 costellazioni,

1297 374 1474 423 varieta
1505 376 1588 420 che
1618 391 1714 421 non
1744 379 1836 435 puo
1881 378 2030 424 essere
2078 395 2217 430 senza

1294 446 1499 503 ragione,
1521 462 1648 492 come
1665 449 1953 495 chiarissimo
1966 451 2217 496 dev’essere

1295 532 1322 560 a
1351 519 1466 562 tutti
1497 519 1645 576 quelli
1687 520 1771 565 che
1811 520 1907 566 han
1937 521 2058 567 fatto
2091 523 2218 567 studi

1294 587 1521 634 filosofici.
1555 591 1687 635 Onde
1718 592 1839 637 altra
1870 594 1972 637 sara
2003 594 2049 638 la
2090 595 2217 639 virtu

1296 660 1346 704 di
1377 662 1649 718 quest'astro
1667 652 1797 709 ⁵altra
1828 665 1878 709 di
1909 665 2078 723 quello,
2101 666 2222 710 altra

1295 734 1345 777 di
1396 740 1558 791 questa
1610 737 1937 782 costellazione
1995 738 2115 782 altra
2167 738 2217 782 di

1295 807 1464 863 quella,
1498 808 1617 851 altra
1659 809 1706 852 la
1746 809 1871 853 virtu
1918 809 2042 854 delle
2083 810 2219 854 stelle

1296 877 1380 922 che
1413 893 1496 923 son
1527 879 1577 923 di
1609 894 1698 936 qua
1729 880 2061 938 dall'equatore
2097 897 2123 925 e
2154 882 2220 925 61-

1293 954 1367 993 tra
1398 949 1447 994 di
1478 951 1632 1008 quelle
1664 952 1747 996 che
1778 967 1863 996 son
1893 952 1943 996 di
1976 952 2036 997 la.
2057 952 2099 996 E
2122 953 2221 1011 poi-

1295 1021 1393 1078 che,
1411 1036 1547 1066 come
1559 1023 1798 1067 sentenzia
1820 1023 2051 1081 Tolomeo,
2069 1023 2222 1068 ivolti

1296 1092 1346 1136 di
1377 1094 1584 1151 quaggiu
1615 1094 1983 1152 s’assomigliano
2015 1110 2042 1138 a
2073 1095 2221 1152 quelli

1295 1164 1345 1208 di
1377 1163 1514 1222 166611,
1546 1180 1607 1209 116
1639 1165 1835 1223 66811116,
1868 1166 1977 1210 dato
2009 1166 2093 1211 6116
2124 1181 2220 1211 11011

1295 1236 1335 1279 61
1357 1251 1492 1294 Ρο666
1515 1237 1758 1281 attribuire
1779 1237 1862 1282 che
1885 1237 1932 1281 al
1970 1238 2089 1282 cielo
2111 1238 2220 1282 stel-

1295 1308 1391 1351 lato
1423 1307 1618 1352 l'effetto
1641 1308 1718 1352 del
1741 1308 2074 1354 sollevamento
2094 1309 2220 1354 della

1292 1383 1428 1435 terra,
1463 1394 1591 1423 come
1624 1379 1657 1422 s’
1675 1381 1700 1422 ὁ
1731 1380 1866 1436 visto,
1899 1380 1983 1424 che
2015 1380 2216 1438 l’agente

1289 1449 1506 1506 virtuale,
1517 1465 1544 1493 a
1561 1453 1724 1507 questa
1741 1450 2053 1508 somigliante,
2065 1451 2212 1495 debba

1291 1521 1490 1565 trovarsi
1522 1521 1573 1564 in
1609 1521 1768 1577 quella
1811 1520 2003 1578 regione
2049 1522 2218 1566 celeste

1294 1591 1376 1636 6116
1409 1607 1546 1650 6οΡ16
1578 1593 1625 1636 16
1654 1596 1812 1636 nostra
1846 1596 1970 1636 terra
2010 1607 2217 1648 emersa3

1294 1678 1332 1720 e,
1371 1664 1568 1708 siccome
1609 1668 1770 1720 questa
1817 1663 2044 1708 s’estende
2091 1663 2219 1708 dalla

1293 1733 1419 1778 111166
1455 1735 1740 1791 equatoriale
1782 1750 1810 1779 a
1854 1735 2011 1792 quella
2056 1735 2140 1780 che
2181 1735 2218 1778 il

1292 1806 1400 1863 polo
1433 1806 1559 1850 dello
1590 1806 1778 1850 zodiaco
1801 1806 2007 1852 descrive
2029 1806 2216 1850 intorno

1291 1877 1338 1920 al
1369 1877 1478 1934 polo
1509 1877 1587 1920 del
1618 1877 1800 1934 mondo,
1823 1892 1952 1922 come
1983 1892 2118 1935 sopra
2142 1877 2211 1921 s’e

1292 1948 1562 2005 dichiarato,
1596 1950 1620 1991 ὁ
1660 1948 1816 1993 6111610
1861 1949 1945 1993 6116
1990 1949 2037 1993 16
2088 1949 2217 1994 virtu

1290 2020 1502 2064 elevante
1533 2020 1574 2064 si
1604 2020 1786 2065 trovera
1817 2020 1869 2063 in
1889 2020 2044 2076 quelle
2077 2020 2214 2064 stelle

1291 2091 1373 2135 che
1405 2106 1516 2135 sono
1546 2091 1675 2135 nella
1705 2091 1894 2148 regione
1926 2092 2098 2135 celeste
2119 2106 2217 2135 166-

1290 2163 1450 2206 chiusa
1496 2162 1556 2206 da
1601 2163 1753 2219 questi
1799 2163 1888 2207 due
1932 2163 2106 2219 circoli,
2146 2163 2216 2206 sia

1291 2234 1375 2278 6116
1407 2235 1635 2279 sollevino
1667 2235 1714 2278 la
1743 2239 1867 2278 terra
1897 2249 1980 2292 per
1998 2235 2076 2279 via
2097 2234 2211 2278 d’at-

1290 2306 1498 2350 trazione
1530 2321 1557 2349 a
1587 2306 1744 2363 quella
1775 2305 1909 2362 811166
1938 2305 2022 2349 6116
2053 2305 2091 2348 11
2120 2319 2216 2348 ma-

1291 2383 1430 2435 gnete
1461 2380 1602 2423 attira
1639 2379 1677 2422 il
1722 2379 1858 2436 ferro,
1892 2378 1962 2422 sia
2005 2393 2090 2435 per
2133 2377 2212 2421 via

1291 2450 1334 2493 d'
1354 2450 1636 2507 impulsione
1697 2449 1991 2507 producendo
2053 2449 2227 2506 vapori.

1293 2521 1574 2578 impellenti,
1608 2536 1736 2565 come
1783 2521 1949 2565 accade
1995 2520 2048 2564 in
2092 2523 2216 2564 certe

1290 2592 1561 2649 particolari
1592 2592 1890 2636 montuosita.
1922 2591 1981 2635 Se
2012 2605 2109 2635 non
2129 2590 2213 2634 ohe

1290 2678 1341 2706 or
1371 2664 1412 2706 si
1444 2663 1674 2706 domanda
1704 2663 1870 2721 perche
1902 2662 2011 2718 mai,
2033 2667 2212 2705 mentre

1289 2735 1446 2792 quella
1467 2735 1657 2791 regione
1679 2734 1848 2778 celeste
1870 2733 1911 2776 si
1940 2747 2105 2777 muove
2126 2732 2213 2776 cir-

1290 2808 1585 2863 colarmente,
1610 2807 1647 2849 il
1668 2806 2003 2850 sollevamento
2024 2819 2120 2848 non
2142 2804 2213 2847 sia

1290 2883 1519 2923 avvenuto
1551 2877 1785 2921 anch’esso
1805 2880 1928 2920 tutto
1959 2875 2039 2919 all'
2057 2875 2212 2932 ingiro

1290 2951 1416 2994 della
1445 2954 1582 2993 terra.
1613 2948 1856 3006 Rispondo
1892 2946 1976 2990 che
2021 2961 2117 2990 non
2157 2945 2212 2990 fu

1290 3021 1509 3065 circolare
1560 3019 1726 3078 perche
1779 3019 1825 3062 la
1876 3017 2071 3061 materia
2115 3031 2212 3060 non

1289 3094 1478 3136 bastava
1499 3107 1526 3135 a
1543 3091 1636 3135 tale
1664 3107 1689 3135 e
1709 3094 1842 3134 tanto
1863 3090 2211 3134 sollevamento.

1288 3163 1366 3205 Ma
1410 3162 1557 3206 allora
1592 3161 1626 3205 s'
1645 3161 1810 3204 insiste
1849 3160 2215 3218 maggiormente

1289 3249 1314 3276 e
1346 3233 1386 3276 si
1410 3233 1571 3277 chiede
1593 3232 1757 3290 perche
1781 3232 1827 3275 la
1847 3231 2078 3288 gibbosita
2100 3230 2212 3274 61111-

2322 2692 2326 2696 .
2322 2655 2326 2657 .
2316 2442 2326 2630 r‘ffl·->.—-.—
2321 2418 2326 2435 .-
