2326 3502
1095 177 1305 217 —16-

207 310 314 340 vero
353 311 496 353 aquae
527 298 811 342 eccentricae
844 303 1044 356 punctus
1084 301 1137 344 in

205 381 294 422 quo
324 369 377 426 B,
413 372 466 411 ut
496 372 628 426 patet
670 369 722 412 in
754 369 901 426 figura
936 369 1135 427 signata,

202 437 320 483 Dico
361 454 472 496 ergo
515 439 648 497 quod,
693 441 733 484 si
780 455 897 497 aqua
940 441 1030 485 erit
1078 442 1130 485 in

202 509 243 552 A
284 514 331 554 et
371 509 538 555 habeat
583 512 845 562 transitum,
884 512 1007 569 quod
1047 528 1128 556 na-

201 584 417 629 turaliter
437 585 697 630 movebitur
713 585 772 629 ad
793 588 845 644 B,
865 601 970 630 cum
992 601 1127 631 omne

198 671 340 713 grave
381 662 619 703 moveatur
665 657 724 701 ad
771 662 982 702 centrum
1021 673 1126 716 pro-

198 729 327 787 priae
364 729 768 774 circumferentiae
811 729 1124 786 naturaliter;

195 806 243 845 et
274 816 415 858 quum
445 801 620 846 moveri
642 801 698 844 ab
729 800 770 844 A
803 801 861 844 ad
882 803 926 845 B
944 802 1006 845 sit
1028 817 1123 846 mo-

194 874 294 918 veri
326 888 517 930 sursum,
541 888 646 916 cum
677 871 718 915 A
750 872 812 916 sit
830 873 1125 931 ,simpliciter

194 944 407 989 deorsum
438 945 497 989 ad
529 945 698 1002 omnia,
724 961 842 1003 aqua
864 946 1124 991 movebitur

193 1016 472 1061 naturaliter
502 1032 710 1061 sursum:
744 1017 866 1074 quod
897 1022 996 1062 erat
1028 1018 1121 1076 pri-

193 1103 320 1132 mum
352 1089 642 1147 impossibile
675 1089 797 1145 quod
835 1089 965 1146 sequi
997 1089 1119 1133 dice-

193 1159 340 1204 batur.
372 1160 615 1204 Praeterea
647 1159 709 1203 sit
740 1160 877 1217 gleba
897 1165 1046 1204 terrae
1069 1160 1120 1203 in

194 1233 237 1274 Z
263 1235 310 1275 et
342 1231 516 1275 ibidem
548 1232 611 1275 sit
642 1231 882 1287 quantitas
904 1247 1049 1288 aquae
1072 1236 1119 1275 et

191 1303 313 1347 absit
329 1318 464 1347 omne
486 1302 763 1360 prohibens:
786 1318 928 1359 quum
957 1303 1115 1360 igitur,

187 1379 240 1418 ut
271 1375 449 1419 dictum
476 1366 563 1432 est,
597 1389 731 1418 omne
763 1390 902 1432 grave
934 1389 1115 1419 movea-

188 1451 265 1491 tur
293 1447 353 1490 ad
384 1451 593 1490 centrum
616 1448 670 1504 [0.
694 1447 766 1502 ὃυ]
789 1446 1004 1504 propriae
1027 1446 1114 1490 011-

187 1519 536 1575 cumferentiae,
569 1524 692 1563 terra
728 1518 990 1562 movebitur
1030 1534 1114 1575 per

188 1591 362 1634 lineam
393 1595 567 1634 rectam
599 1590 659 1634 ad
689 1590 730 1633 A
773 1594 820 1634 et
867 1605 985 1646 aqua
1032 1606 1116 1648 per

186 1651 362 1706 lineam
392 1667 566 1706 rectam
598 1662 657 1705 ad
677 1664 729 1718 B,
755 1660 835 1705 sed
863 1661 950 1705 hoc
982 1677 1113 1719 opor-

184 1735 303 1779 tebit
334 1750 431 1779 esse
479 1750 562 1792 per
608 1734 758 1778 lineas
805 1734 1025 1791 diversas,
1060 1738 1112 1777 ut

183 1811 313 1864 patet
345 1807 395 1849 in
427 1806 576 1862 figura
610 1806 822 1862 signata3
856 1805 978 1862 quod
1015 1820 1112 1849 non

187 1879 335 1923 solum
367 1883 438 1922 est
469 1878 773 1936 impossibile,
809 1878 890 1921 sed
937 1877 1111 1921 rideret

181 1950 471 2007 Aristoteles,
505 1950 546 1993 si
577 1949 789 1993 audiret:
823 1954 870 1993 et
900 1949 986 1993 hoc
1012 1954 1110 1993 erat

181 2021 434 2066 secundum
451 2021 572 2078 quod
594 2020 818 2065 declarari
841 2020 1106 2065 debebatur.

179 2093 388 2137 Tertium
419 2108 526 2138 vero
558 2092 741 2137 declaro
774 2092 857 2138 sic.
879 2092 1031 2137 Grave
1059 2096 1105 2136 et

180 2165 282 2209 leve
314 2168 423 2208 sunt
453 2164 693 2222 passiones
725 2178 968 2222 corporum
994 2163 1103 2207 sim-

181 2236 392 2294 plicium,
411 2251 527 2293 quae
549 2240 794 2281 moventur
809 2239 939 2280 motu
960 2239 1104 2291 recto;

180 2312 227 2352 et
259 2308 383 2352 levia
424 2311 669 2352 moventur
716 2323 910 2364 sursum,
944 2306 1106 2365 gravia

183 2394 291 2424 vero
333 2378 560 2424 deorsum.
592 2379 693 2423 Hoc
735 2379 863 2423 0111111
911 2377 1106 2423 intendo

182 2466 266 2509 per
295 2465 435 2508 grave
466 2456 514 2495 et
545 2452 646 2496 leve
671 2450 792 2508 quod
825 2451 887 2495 sit
917 2450 1103 2506 mobile,

179 2522 299 2566 sicut
330 2522 432 2566 vult
463 2521 772 2580 Philosophus
805 2522 856 2566 in
883 2523 952 2566 De
977 2521 1103 2567 Coelo

179 2599 220 2637 et
240 2595 416 2638 mundo.
448 2593 500 2638 Si
532 2594 678 2651 igitur
704 2609 822 2650 aqua
844 2596 1104 2637 moveretur

180 2664 237 2707 ab
267 2666 320 2721 B,
358 2669 482 2708 terra
511 2680 619 2709 vero
650 2664 709 2708 ad
740 2664 795 2722 A,
829 2680 932 2708 cum
969 2664 1102 2708 ambo

179 2735 276 2778 sint
309 2749 498 2792 corpora
520 2735 694 2792 gravia,
728 2739 1023 2780 moverentur
1043 2734 1102 2778 ad

177 2806 359 2850 diversa
391 2806 617 2851 deorsum.
641 2807 843 2860 Quorum
865 2822 958 2850 una
981 2806 1100 2850 ratio

181 2892 279 2920 esse
295 2892 390 2921 non
411 2881 576 2935 potest,
594 2893 700 2921 cum
720 2893 866 2922 unum
887 2879 950 2922 sit
973 2877 1101 2922 deor-

178 2964 279 2993 sum
312 2949 603 3007 simpliciter,
638 2949 768 2992 aliud
800 2965 908 2993 vero
940 2964 1099 2993 secun-

147 3059 149 3061 .
179 3019 290 3064 dum
321 3020 448 3077 quid.
479 3021 544 3064 Et
575 3036 716 3077 quum
757 3020 1002 3065 diversitas
1049 3020 1100 3063 in

175 3091 356 3135 ratione
387 3091 554 3135 finium
585 3096 749 3148 arguat
781 3092 1099 3136 diversitatem

177 3163 229 3206 in
260 3163 318 3206 iis
341 3177 456 3219 quae
488 3167 598 3206 sunt
618 3167 808 3221 propter
832 3164 979 3220 illam,
1004 3178 1099 3207 ma-

182 3233 408 3278 nifestum
458 3238 529 3278 est
580 3234 701 3291 quod
753 3234 935 3279 diversa
979 3234 1099 3278 ratio

1279 305 1401 344 terra
1423 301 1578 358 quella
1611 317 1698 346 con
1717 317 1833 359 una3
1865 320 1890 348 e
1922 305 1991 348 sia
2023 305 2061 349 11
2093 321 2197 351 0011-

1278 374 1350 414 tro
1372 370 1448 415 del
1481 373 1599 416 01010
1621 389 1645 417 0
1678 373 1803 418 della
1828 379 1951 419 terra
1974 377 2020 420 'il
2050 381 2197 435 punto

1276 441 1330 500 A,
1356 458 1380 487 e
1402 443 1440 487 il
1461 448 1607 501 punto
1629 447 1672 488 B
1690 444 1728 488 il
1749 450 1906 495 centro
1933 447 2044 491 dell'
2053 463 2196 505 acqua

1269 516 1541 572 eccentrica,
1561 530 1688 561 come
1705 517 1746 560 si
1761 517 1878 562 vede
1894 518 2023 563 nella
2043 519 2193 577 figura

1269 588 1351 643 qui
1381 589 1620 633 traceiata.
1642 590 1761 634 Dico
1793 596 2009 649 pertanto
2041 592 2124 638 che
2146 609 2194 638 se

1269 659 1300 702 1’
1312 673 1455 716 acqua
1499 661 1601 705 sara
1643 661 1694 705 in
1723 661 1765 706 A
1806 679 1831 707 0
1872 664 2005 708 nulla
2035 665 2084 710 vi
2122 666 2193 710 sia

1270 730 1352 775 che
1385 731 1451 775 ivi
1484 734 1529 776 la
1561 730 1810 792 trattenga,
1844 736 1885 780 si
1926 738 2110 783 movera
2141 738 2191 782 di

1270 807 1436 846 natura
1478 819 1559 847 sua
1599 821 1730 850 verso
1770 808 1823 864 B,
1867 807 2031 864 poiche
2078 809 2190 866 ogni

1269 889 1409 932 corpo
1427 889 1566 932 grave
1587 877 1930 923 naturalmente
1952 879 1993 923 si
2023 894 2187 924 muove

1266 960 1396 989 verso
1419 946 1456 989 il
1478 952 1635 992 centro
1657 949 1783 993 della
1804 950 1993 1008 propria
2013 951 2187 995 circon—

1267 1017 1481 1074 ferenza3
1515 1035 1544 1064 e·
1573 1020 1769 1064 siccome
1802 1021 1839 1065 il
1870 1023 2101 1068 muoversi
2129 1023 2188 1067 da

1264 1089 1306 1133 A
1326 1105 1457 1134 verso
1477 1093 1521 1135 B
1537 1092 1562 1134 0
1593 1106 1659 1135 1111
1690 1093 1920 1137 muoversi
1941 1093 2021 1138 dal
2051 1094 2184 1138 basso

1265 1162 1344 1205 all'
1361 1162 1470 1219 alto,
1504 1163 1696 1207 essendo
1737 1164 1791 1221 A,
1825 1165 2186 1211 assolutamente

1261 1232 1509 1291 parlando,
1557 1235 1603 1278 al
1650 1235 1822 1280 disotto
1868 1235 1912 1280 d’
1923 1237 2034 1294 ogni
2079 1252 2186 1282 cosa

1262 1317 1414 1361 grave,
1448 1305 1478 1348 l'
1489 1320 1633 1362 acqua
1664 1306 1706 1350 si
1746 1308 2015 1352 moverebbe
2051 1313 2185 1353 natu·

1260 1375 1488 1420 ralmente
1511 1377 1590 1420 all’
1609 1377 1733 1422 insu:
1766 1378 1849 1422 che
1871 1394 1948 1423 era
1973 1377 2183 1438 appunto

1260 1446 1297 1489 il
1339 1447 1490 1504 primo
1532 1449 1721 1494 assurdo
1763 1450 1859 1507 che,
1892 1466 2020 1495 come
2059 1451 2181 1496 dice-

1258 1533 1405 1575 vam0‚
1425 1518 1599 1564 doveva
1622 1521 1867 1578 seguitare.
1885 1520 2082 1579 Ancora,
2099 1537 2180 1580 po-

1258 1589 1416 1634 niamo
1438 1590 1523 1634 che
1554 1592 1603 1634 vi
1635 1592 1705 1635 sia
1725 1592 1777 1635 in
1799 1594 1841 1635 Z
1866 1607 1960 1636 una
1987 1593 2110 1637 zella
2131 1593 2181 1637 di

1256 1664 1380 1704 terra
1421 1677 1445 1705 0
1487 1662 1632 1706 anche
1674 1677 1767 1706 una
1808 1667 1934 1707 certa
1963 1663 2179 1719 quantita

1256 1731 1299 1774 d’
1308 1747 1465 1788 acqua,
1505 1747 1600 1776 non
1640 1724 1896 1778 trattenute
1939 1735 1999 1777 110
2043 1733 2180 1777 l’una

1254 1802 1312 1843 110
1346 1801 1376 1844 l’
1390 1802 1510 1845 altra
1530 1802 1590 1846 da
1622 1804 1958 1860 impedimento
1980 1817 2176 1848 veruno:

1255 1873 1524 1917 movendosi
1545 1879 1759 1931 pcrtanto
1782 1875 1894 1932 ogni
1917 1890 2057 1932 grave
2077 1889 2177 1919 ver—

1254 1958 1303 1988 so
1336 1944 1373 1987 il
1405 1949 1562 1988 centro
1584 1945 1710 1989 della
1730 1946 1919 2004 propria
1950 1945 2176 1990 circonfo-

1250 2031 1401 2073 renza,
1437 2017 1482 2060 la
1512 2021 1636 2062 terra
1667 2018 1708 2062 si
1739 2018 1923 2063 movera
1964 2018 2016 2062 in
2048 2018 2175 2062 linea

1251 2091 1373 2131 retta
1413 2103 1543 2133 verso
1586 2088 1628 2132 A
1670 2105 1694 2133 0
1737 2089 1767 2132 l’
1779 2104 1935 2146 acqua,
1968 2103 2081 2147 pure
2123 2089 2175 2132 in

1251 2159 1378 2202 linea
1407 2163 1541 2216 retta,
1558 2175 1688 2204 verso
1719 2162 1787 2216 B;
1821 2175 1898 2204 ma
1927 2160 2001 2204 010
2032 2160 2174 2205 dovra

1250 2230 1412 2275 invece
1447 2232 1664 2276 avvenire
1695 2247 1779 2290 per
1821 2232 1946 2276 linee
1978 2231 2172 2288 diverse,

1249 2301 1398 2346 com'e
1430 2302 1586 2347 chiaro
1609 2303 1736 2347 dalla
1757 2303 1907 2361 figura
1926 2303 2171 2348 tracciata:

1249 2389 1274 2418 e
1306 2377 1480 2431 questo,
1503 2373 1586 2418 che
1617 2377 1656 2418 si
1689 2373 1864 2419 doveva
1894 2373 1948 2418 in
1975 2373 2172 2418 secondo

1249 2446 1387 2503 luogo
1409 2445 1680 2504 dichiarare,
1704 2461 1800 2491 non
1821 2446 1919 2491 solo
1949 2447 1975 2490 0
2001 2445 2171 2503 impos-

1248 2517 1398 2574 sibile,
1445 2532 1522 2561 ma
1563 2532 1590 2561 a
1629 2517 1784 2562 udirlo
1825 2533 1885 2561 ne
1931 2516 2170 2562 riderebbe

1246 2588 1513 2633 Aristotele.
1536 2589 1581 2632 Il
1611 2593 1737 2633 terzo
1767 2592 1915 2647 punto
1947 2589 1993 2632 10
2023 2587 2168 2633 dimo-

1246 2665 1340 2704 stro
1382 2661 1491 2704 cosi.
1522 2661 1591 2704 La
1631 2660 1814 2717 gravita
1855 2675 1880 2704 0
1922 2659 1970 2703 la
2012 2660 2167 2717 legge-

1245 2747 1377 2776 rezza
1408 2747 1519 2776 sono
1551 2731 1758 2790 passioni
1781 2730 1858 2775 dei
1889 2731 2018 2789 corpi
2050 2745 2167 2775 sem-

1245 2807 1362 2864 plici
1394 2807 1476 2851 che
1498 2807 1539 2851 si
1570 2820 1797 2851 muovono
1819 2820 1907 2850 con
1927 2808 2053 2849 moto
2073 2809 2164 2849 ret-

1242 2878 1438 2922 tilineo:
1471 2879 1488 2921 i
1520 2877 1717 2935 leggieri
1749 2877 1800 2920 in
1832 2876 1940 2933 alto,
1973 2876 1991 2919 i
2033 2875 2164 2933 gravi

1241 2950 1293 2994 in
1322 2949 1468 2994 basso.
1501 2949 1670 2993 Poiche
1711 2963 1795 3006 per
1834 2962 1973 3004 grave
2012 2962 2037 2991 e
2082 2962 2165 3004 per

1242 3021 1448 3078 leggiero
1481 3019 1674 3064 intendo
1704 3034 1770 3063 un
1801 3032 1938 3076 corpo
1975 3018 2161 3075 mobile,

1241 3106 1368 3135 come
1389 3091 1524 3136 vuole
1548 3091 1586 3134 11
1606 3089 1817 3134 Filosofo
1838 3088 1919 3132 nel
1941 3089 2031 3132 Del
2054 3090 2163 3133 ciclo

1242 3179 1264 3207 e
1294 3165 1368 3207 del
1388 3163 1558 3207 mondo.
1581 3162 1640 3206 Se
1665 3161 1878 3216 adunque
1912 3159 2099 3216 l’acqua
2121 3159 2162 3202 si

1240 3249 1446 3279 movesse
1468 3248 1599 3279 verso
1619 3235 1663 3277 B
1681 3247 1706 3276 e
1738 3231 1784 3275 la
1806 3235 1930 3275 terra
1953 3244 2083 3275 verso
2103 3229 2159 3286 A,
