2326 3502
1089 176 1299 214 -26-

198 299 323 344 rium
355 300 579 345 videmus.
602 300 733 354 Quod
765 300 851 344 illa
872 304 1125 357 sequantur

202 386 259 415 ex
291 371 600 428 conclusione,
636 372 701 415 sic
747 372 944 416 declaro.
976 372 1125 416 Pona-

202 457 303 487 mus
324 458 407 500 per
427 443 711 486 contrarium
733 443 830 487 sive
854 443 1122 500 oppositum

202 513 526 570 consequentis
542 513 687 570 illius,
705 514 827 570 quod
844 519 915 558 est
933 514 985 558 in
996 515 1126 558 omni

203 590 333 644 parte
364 586 621 643 aequaliter
640 586 825 643 distare,
848 591 895 630 et
916 586 1124 630 dicamus

201 657 324 714 quod
354 672 449 701 non
479 658 634 714 distet,
668 663 715 701 et
746 672 972 715 ponamus
1002 658 1124 715 quod

201 744 259 772 ex
292 733 545 786 una-parte
577 729 843 786 superficies
874 734 1023 774 terrae
1053 730 1123 773 di-

201 805 292 845 stet
322 816 406 859 per
435 801 611 858 viginti
644 802 809 859 stadia,
833 818 893 846 ex
924 802 1020 846 alia
1040 817 1124 860 per

202 873 374 930 decem,
397 877 444 917 et
466 873 532 916 sic
564 889 710 917 unum
730 873 1124 931 hemisphaerium
1163 917 1169 923 ,

202 944 302 988 61113
333 944 423 988 erit
454 945 643 988 maioris
675 945 954 1001 quantitatis
986 959 1125 1001 quam

205 1016 432 1060 alterum:
465 1031 550 1060 nec
586 1016 730 1060 refert
777 1020 933 1060 utrum
962 1031 1127 1075 parum

206 1086 284 1130 vel
315 1086 515 1130 multum
552 1076 924 1131 diversificentur
968 1088 1020 1131 in
1062 1087 1128 1131 di-

207 1158 394 1215 stantia,
443 1158 691 1202 dummodo
743 1158 1127 1202 diversificentur.

209 1230 360 1283 Quum
391 1244 499 1286 ergo
531 1230 719 1273 maioris
742 1230 1018 1286 quantitatis
1039 1235 1128 1274 ter-

207 1317 284 1345 rae
315 1301 378 1345 sit
408 1301 555 1345 maior
594 1301 742 1345 virtus
788 1301 1020 1359 ponderis,
1052 1301 1127 1344 he-

209 1372 539 1430 misphaerium
557 1373 706 1416 maius
722 1387 805 1430 per
819 1373 1042 1417 virtutem
1057 1373 1130 1416 sui

211 1444 429 1503 ponderis
450 1445 796 1502 praevalentem
817 1444 1032 1502 impellet
1050 1444 1128 1488 116-

211 1516 543 1574 misphaerium
560 1515 728 1572 minus,
746 1515 892 1559 donec
907 1514 1130 1571 adaeque-

208 1592 285 1631 tur
314 1586 550 1643 quantitas
588 1586 839 1643 utriusque,
872 1601 955 1644 per
999 1587 1130 1631 cuius

209 1658 593 1715 adaequationem
625 1657 907 1714 adaequetur
930 1659 1127 1716 pondus,

209 1735 256 1775 et
272 1731 339 1774 310
359 1730 565 1787 undique
581 1730 754 1774 redibit
775 1729 833 1773 ad
856 1729 1131 1774 distantiam

210 1802 477 1859 quindecim
509 1802 776 1858 stadiorum,
810 1802 932 1845 sicut
977 1807 1024 1846 et
1066 1803 1135 1846 vi-

209 1874 370 1917 demus
403 1873 455 1917 111
486 1874 772 1931 appensione
804 1882 856 1917 'ac
903 1873 1128 1930 adaequa-

210 1946 339 1989 tione
370 1945 627 2003 ponderum
659 1945 711 1987 in
741 1945 1018 1989 bilancibus.
1043 1946 1132 1989 Per

212 2016 334 2073 quod
384 2019 514 2073 patet
560 2004 682 2071 quod
728 2015 1018 2072 impossibile
1064 2019 1134 2059 est

211 2093 382 2132 terram
399 2087 655 2143 aequaliter
671 2091 880 2130 centrum
898 2091 1134 2144 petentem

213 2157 520 2202 diversimode
539 2157 636 2201 sive
654 2157 963 2214 inaequaliter
985 2158 1037 2200 in
1053 2173 1135 2201 sua

214 2229 590 2273 circumferentia
622 2229 793 2273 distare
825 2229 882 2272 ab
913 2243 994 2284 eo;
1028 2244 1135 2286 ergo

214 2300 524 2343 necessarium
539 2304 608 2343 est
619 2300 884 2357 oppositum
901 2300 1000 2343 eius
1011 2300 1136 2343 inae-

215 2371 416 2428 qualiter
436 2370 621 2426 distare,
647 2371 769 2427 quod
791 2375 860 2414 est
881 2371 1138 2427 aequaliter

215 2444 401 2499 distare,
435 2457 576 2499 quum
607 2442 764 2486 distet.
795 2443 857 2485 Et
889 2445 954 2486 sic
985 2442 1137 2486 decla-

215 2520 316 2559 rata
347 2519 417 2558 est
463 2515 793 2570 consequentia
824 2519 1049 2570 quantum
1079 2530 1137 2558 ex

218 2591 350 2643 parte
381 2586 480 2630 eius
512 2585 635 2642 quod
667 2590 737 2629 est
768 2586 1025 2642 aequaliter
1069 2585 1138 2628 di-

217 2662 352 2701 stare.
387 2657 518 2710 Quod
549 2657 693 2701 etiam
731 2661 947 2713 sequatur
988 2658 1138 2714 ipsam

219 2730 426 2773 substare
459 2730 673 2773 omnibus
705 2730 984 2786 corporibus,
1017 2730 1139 2786 quod

219 2801 349 2856 sequi
381 2801 524 2844 etiam
570 2816 628 2845 ex
675 2801 971 2844 conclusione
1018 2801 1140 2844 dice-

217 2875 365 2929 batur,
399 2873 464 2916 sic
497 2873 692 2916 declaro.
724 2872 973 2916 Potissima
995 2872 1141 2916 virtus

222 2946 465 3002 potissime
498 2944 695 3001 attingit
725 2944 894 2999 finem;
919 2959 1028 2987 nam
1060 2959 1142 3001 per

165 3069 169 3070 7
222 3016 308 3058 1160
340 3015 584 3072 potissima
610 3018 680 3058 est
700 3014 822 3070 quod
843 3014 1067 3057 citissime
1089 3029 1142 3057 ac

223 3085 452 3129 facillime
473 3085 615 3128 finem
635 3085 854 3141 consequi
874 3089 1040 3142 potest.
1057 3084 1143 3128 Po-

225 3156 408 3200 tissima
437 3156 586 3200 virtus
617 3156 862 3213 gravitatis
883 3160 954 3200 est
975 3156 1027 3199 in
1047 3170 1138 3199 cor-

226 3243 335 3289 pore
386 3228 625 3286 potissime
684 3233 871 3286 petente
920 3233 1142 3284 centrum,

1262 300 1378 344 tutti
1407 299 1478 357 gli
1508 299 1619 344 altri
1631 299 1793 366 *corpi
1831 298 1962 343 Onde
1993 314 2052 343 116
2083 313 2180 344 ver-

1265 372 1414 429 rebbe,
1456 387 1504 416 se
1546 372 1736 428 l’acqua,
1779 385 1907 415 come
1949 368 1991 415 31
2030 371 2179 428 vuole,

1267 443 1389 487 fosse
1405 443 1710 499 concentrica,
1726 442 1872 486 chela
1889 447 2012 486 terra
2030 442 2185 486 avreb-

1266 516 1322 559 be
1353 531 1380 559 a
1409 516 1640 559 rimanere
1670 518 1794 558 tutta
1824 514 1883 557 da
1914 515 2027 570 ogni
2053 518 2184 571 parte

1269 602 1517 631 sommersa
1568 602 1592 629 e
1643 589 1854 629 nascosta
1904 584 2016 628 nell'
2028 599 2186 641 acqua,

1268 662 1446 702 mentre
1477 659 1502 700 6
1524 673 1606 715 per
1627 657 1868 714 l'appunto
1890 656 1928 699 il
1958 655 2188 700 contrario

1272 730 1355 774 che
1386 729 1467 773 noi
1497 729 1725 773 vediamo.
1773 728 1870 772 Che
1901 728 1947 771 le
1979 742 2082 772 cose
2120 742 2189 772 so-

1270 801 1480 860 pradette
1502 815 1704 857 seguano
1725 799 1855 843 dalla
1875 799 2186 855 conclusione,

1269 877 1364 920 cosi
1396 875 1442 919 lo
1485 875 1706 918 dichiaro.
1747 874 1992 918 Mettiamo
2029 873 2190 919 invece

1270 947 1499 1005 l'opposto
1530 946 1580 989 di
1622 945 1730 1002 quel
1761 949 2071 1002 conseguente
2106 944 2190 988 che

1269 1034 1346 1063 era
1378 1019 1564 1075 l'eyuale
1593 1018 1802 1061 distanza
1830 1018 1880 1061 in
1909 1017 2012 1074 oym'
2034 1021 2184 1074 parte,

1270 1107 1294 1135 e
1326 1090 1526 1134 diciamo
1558 1088 1640 1132 che
1681 1103 1777 1132 non
1807 1088 1931 1132 dista
1969 1088 2078 1143 cosi,
2110 1102 2190 1145 po-

1269 1160 1423 1204 nendo
1455 1160 1616 1203 invece
1647 1159 1730 1203 che
1760 1158 1820 1202 da
1854 1173 1948 1202 una
1979 1159 2112 1216 parte
2143 1158 2191 1201 la

1271 1233 1514 1290 superficie
1528 1236 1743 1276 terrestre
1757 1231 1828 1275 sia
1842 1231 2046 1275 distante
2060 1229 2192 1275 venti

1271 1304 1394 1348 stadi
1432 1303 1511 1347 dal
1557 1307 1728 1359 centro,
1770 1301 2008 1346 dall'altra
2054 1301 2190 1358 dieci,

1271 1375 1321 1418 di
1351 1374 1485 1432 guisa
1521 1374 1604 1418 che
1646 1373 1753 1417 l’un
1783 1363 2000 1416 emisfero
2031 1371 2102 1416 sia
2141 1372 2192 1416 di

1271 1446 1482 1503 maggior
1528 1445 1742 1502 quantita
1783 1444 1868 1488 che
1910 1443 2092 1488 l'altro:
2134 1444 2193 1486 ne

1271 1518 1472 1575 importa
1503 1517 1587 1560 che
1628 1515 1774 1560 molta
1816 1530 1843 1560 o
1884 1529 2000 1573 poca
2039 1515 2109 1559 sia
2149 1514 2196 1557 la

1272 1589 1495 1633 diversita
1511 1589 1636 1633 della
1651 1589 1877 1645 distanza,
1894 1587 2066 1646 purche
2087 1601 2194 1644 que—

1273 1665 1345 1705 sta
1395 1660 1617 1705 diversita
1669 1661 1714 1704 01
1749 1660 1848 1704 sia.
1894 1659 1940 1703 A
1983 1658 2196 1716 maggior

1275 1732 1487 1789 quantita
1533 1732 1583 1775 di
1633 1736 1755 1776 terra
1801 1730 2016 1775 andando
2061 1730 2196 1774 unita

1279 1804 1490 1861 maggior
1518 1804 1645 1847 virtu
1685 1803 1735 1846 di
1776 1817 1899 1861 peso,
1941 1800 2195 1846 l’emisfero

1272 1876 1508 1932 maggiore
1540 1875 1591 1918 in
1611 1875 1738 1919 virtii
1768 1874 1846 1918 del
1867 1888 1949 1918 suo
1979 1887 2090 1932 peso
2121 1887 2194 1916 su-

1242 1988 1245 1991 ,
1274 1946 1452 2004 periore
1465 1945 1735 2003 sospingera
1750 1943 2002 1989 l’emisfero
2017 1943 2196 1987 minore

1272 2017 1427 2061 finche'
1456 2017 1503 2060 la
1532 2017 1746 2073 quantita
1780 2030 1876 2059 non
1907 2015 1978 2059 sia
2007 2014 2111 2072 pari
2143 2013 2195 2057 in

1273 2088 1515 2144 entrambi,
1547 2103 1630 2145 per
1661 2087 1796 2131 modo
1828 2086 1912 2130 che
1944 2076 2196 2129 ne'risulti

1275 2159 1540 2217 eguagliato
1557 2158 1703 2202 anche
1719 2158 1758 2201 il
1773 2171 1883 2215 peso
1900 2173 1926 2201 e
1949 2172 1998 2201 se
2013 2155 2199 2199 n’abbia

1275 2233 1540 2290 dapertutto
1572 2231 1619 2274 la
1650 2230 1864 2274 distanza
1900 2228 1951 2272 di
1983 2227 2198 2285 quindici

1277 2303 1413 2359 stadi,
1447 2317 1574 2346 come
1596 2301 1762 2345 accade
1783 2304 1992 2358 appunto
2019 2298 2099 2342 nel
2119 2313 2198 2355 pe-

1277 2390 1376 2419 sare
1408 2389 1455 2417 se
1495 2387 1587 2416 uno
1629 2371 1819 2429 eguagli
1860 2371 1878 2414 i
1925 2370 2026 2428 pesi
2058 2360 2198 2413 'nelle

1278 2446 1476 2490 bilance.
1507 2432 1548 2488 E
1569 2443 1734 2499 quindi
1755 2458 1822 2486 un
1846 2441 2034 2486 assurdo
2054 2440 2198 2495 fisico,

1279 2531 1407 2560 come
1439 2515 1479 2558 si
1510 2515 1637 2571 vede,
1661 2515 1743 2558 che
1764 2514 1811 2557 la
1830 2518 1964 2568 terra,
1987 2527 2076 2570 pur
2104 2525 2200 2555 cor-

1279 2587 1423 2631 rendo
1454 2587 1514 2630 da
1542 2586 1655 2643 ogni
1675 2589 1807 2643 parte
1839 2584 2133 2641 egualmente
2154 2582 2202 2626 al

1248 2663 1252 2665 '
1280 2662 1452 2714 centro,
1476 2673 1535 2700 ne
1558 2657 1672 2701 disti
1694 2656 1774 2714 poi
1796 2655 1847 2699 in
1869 2654 2004 2699 modo
2021 2653 2202 2698 diverso

1281 2745 1308 2773 o
1354 2728 1598 2785 disuguale
1638 2727 1767 2771 nella
1807 2741 1889 2770 sua
1929 2724 2199 2782 superficie3

1282 2801 1339 2845 ed
1371 2802 1395 2844 6
1432 2800 1646 2856 adunque
1688 2814 1782 2842 una
1812 2798 1944 2841 fisica
1973 2787 2202 2840 necessita

1282 2874 1365 2917 che
1397 2871 1566 2915 accada
1597 2870 1825 2928 l'opposto
1856 2869 1908 2912 di
1930 2867 2085 2924 quello
2117 2866 2202 2910 che

1283 2944 1398 2987 s'ei'a
1429 2958 1511 3000 per
1531 2942 1700 2999 ipotesi
1721 2954 1958 2994 ammesso,
1989 2937 2087 2981 cioe
2119 2937 2202 2981 che

1284 3016 1331 3059 la
1361 3019 1484 3058 terra
1515 3012 1860 3069 inegualmente
1891 3010 2099 3065 distasse,
2131 3022 2200 3051 os·

1285 3086 1355 3130 sia
1375 3084 1566 3129 accadra
1582 3083 1665 3127 che
1681 3098 1740 3126 ne
1762 3081 1875 3125 disti
1895 3080 2201 3137 egualmente,

1284 3156 1462 3201 avendo
1508 3170 1620 3213 pure
1668 3169 1695 3197 a
1742 3142 1946 3196 distarne
1994 3151 2046 3194 in
2091 3150 2204 3207 ogni

1285 3227 1434 3272 modo.
1458 3227 1602 3270 Resta
1622 3225 1718 3268 cosi
1740 3223 1996 3267 dichiarata
2018 3222 2064 3265 la
2095 3235 2201 3264 con-
