2326 3502
1115 164 1325 204 -34-

228 292 559 351 praecipiente,
593 291 713 334 sicut
733 290 944 334 videmus
967 290 1023 333 de
1044 303 1151 332 con-

226 363 494 422 cupiscibili
524 367 571 406 et
602 361 830 406 irascibili
862 361 913 404 in
943 360 1146 416 homine,

225 451 354 493 quae,
380 435 492 479 licet
526 434 780 478 secundum
802 432 1042 490 proprium
1063 431 1147 475 im-

225 512 385 565 petum
416 506 627 550 ferantur
667 505 918 549 secundum
965 503 1152 547 sensiti-

224 594 332 623 vam
363 577 674 632 affectionem,
708 575 962 620 secundum
991 578 1151 617 tamen

225 649 348 706 quod
368 648 542 692 rationi
574 647 828 691 obedibiles
861 650 982 702 sunt,
1005 659 1149 701 quan-

228 722 378 777 doque
410 735 437 763 a
468 720 656 777 proprio
689 719 869 776 impetu
909 716 1144 761 retrahun—

225 797 314 849 tur,
334 796 399 835 ·ut
429 796 560 849 patet
591 807 649 835 ex
680 791 832 849 primo
863 789 1151 834 Aethicoram

230 868 288 920 (c.
324 866 390 920 ἵν,
425 863 510 907 1111.
545 865 690 913 14-70,
725 863 811 908 1111.
842 862 932 918 20).

283 2439 311 2490 ξ
342 2436 412 2479 19.
445 2433 510 2477 Et
540 2432 644 2477 ideo
677 2433 791 2477 licet
827 2436 965 2488 terra,
989 2445 1149 2474 secun-

227 2507 339 2550 dum
370 2504 635 2561 simplicem
668 2504 768 2548 eius
814 2507 1045 2558 naturam,
1078 2517 1151 2545 ae-

229 2577 430 2634 qualiter
445 2580 574 2633 petat
591 2580 815 2631 centrum,
833 2579 887 2618 ut
903 2575 955 2617 in
970 2574 1151 2617 ratione

229 2648 483 2693 instantiae
515 2647 768 2702 dicebatur,
804 2646 1055 2689 secundum
1081 2649 1150 2688 ta-

229 2736 335 2764 men
356 2726 571 2762 naturam
594 2718 842 2773 quamdam
858 2717 1038 2774 patitur
1060 2716 1151 2760 ele-

228 2793 328 2838 vari
374 2793 425 2835 in
470 2795 614 2848 parte,
654 2795 847 2834 naturae
894 2790 1151 2834 universali

229 2864 461 2919 obediens,
493 2866 547 2906 ut
577 2862 746 2905 mixtio
782 2863 845 2905 sit
881 2861 1149 2919 possibilis;

229 2941 276 2980 et
307 2935 559 2979 secundum
605 2934 690 2977 hoc
723 2934 928 2978 salvatur
958 2948 1150 2977 concen-

228 3007 409 3050 tricitas
440 3011 590 3050 terrae
622 3010 668 3049 et
701 3020 845 3062 aquae
868 3009 914 3048 et
935 3005 1059 3048 nihil
1082 3020 1151 3048 se-

169 3068 172 3069 ⁷
230 3077 388 3133 quitur
418 3076 708 3133 impossibile
740 3076 864 3133 apud
894 3079 1018 3119 recte
1049 3076 1150 3133 phi-

230 3147 539 3204 losophantes,
562 3151 615 3190 ut
635 3151 766 3204 patet
788 3147 839 3189 in
866 3147 956 3190 ista
978 3147 1149 3203 figura:

229 3219 310 3263 ubi
343 3220 404 3263 sit
435 3220 614 3264 coelum
647 3219 848 3262 circulus
887 3219 939 3261 in
969 3233 1059 3274 quo
1090 3218 1144 3275 A,

1293 288 1376 332 che
1408 291 1569 345 punto.
1603 287 1734 331 Onde
1770 287 1821 331 di
1859 289 2101 345 necessita,
2133 288 2212 333 do-

1290 358 1441 404 vendo
1473 358 1552 402 all'
1572 358 1841 403 intenzione
1879 359 2006 403 (10110
2045 363 2213 403 natura

1288 430 1550 475 universale
1582 429 1798 474 obhedire
1829 430 1942 487 ogni
1973 430 2093 474 altra
2131 445 2212 474 na·
2264 419 2269 430 ’

1289 506 1406 559 tura,
1425 502 1609 546 dovette
1631 502 1677 545 10
1697 505 1820 545 terra
1839 501 1957 546 oltre
1979 501 2075 545 alla
2095 516 2211 546 sem-

1291 574 1414 631 plice
1445 577 1611 617 natura
1642 572 1726 616 che
1757 573 1803 616 la
1845 572 1938 616 tira
1985 573 2032 616 al
2078 573 2211 616 basso

1291 660 1424 688 avere
1454 644 1656 688 un'altra
1686 648 1852 688 natura
1890 659 1979 688 con
2019 644 2096 688 cui
2137 645 2214 688 ob-

1291 716 1448 760 bedire
1479 715 1559 759 all'
1578 715 1846 759 intenzione
1878 715 2006 759 della
2045 720 2212 760 natura

1291 787 1567 844 universale,
1601 787 1674 830 col
1697 787 1906 830 lasciarsi
1927 787 2026 830 cioe
2058 787 2212 831 1111101-

1291 874 1393 904 zare
1425 859 1477 903 in
1507 864 1638 917 parte
1669 858 1798 902 (10110
1827 859 1954 903 virtu
1985 858 2062 902 del
2093 858 2213 902 cielo

1291 931 1424 988 quasi
1475 930 1662 975 suddito
1713 930 1773 974 (10
1818 930 2038 988 padrone,
2085 945 2214 985 come

1291 1002 1505 1047 vediamo
1538 1006 1765 1060 -appunto
1817 1001 2033 1046 accadere
2084 1002 2214 1059 degli

1293 1073 1495 1131 appetiti
1527 1073 1891 1130 concupiscibile
1923 1088 1948 1117 e
1980 1073 2215 1135 irascibile

1292 1145 1563 1202 nell'uomo,
1595 1145 1614 1188 i
1644 1144 1786 1201 quali,
1819 1144 2016 1188 sebbene
2047 1144 2216 1188 abban-

1292 1217 1455 1262 donati
1486 1232 1514 1260 a
1544 1217 1591 1260 se
1623 1215 1759 1260 stessi
1784 1215 1967 1259 vadeno
1998 1215 2148 1260 dietro
2169 1216 2216 1260 ai

1293 1289 1431 1345 sensi,
1444 1288 1495 1331 in
1508 1291 1680 1344 quanto
1690 1287 1893 1344 peraltro
1909 1287 2215 1332 obbediscono

1293 1361 1390 1404 0110
1405 1360 1597 1416 ragione
1619 1358 1888 1403 sacrificano
1907 1358 2059 1403 talora
2072 1359 2110 1410 ¹l’
2128 1360 2214 1404 im·

1293 1432 1428 1489 pulso
1449 1431 1650 1489 proprio,
1668 1445 1796 1474 come
1827 1445 2000 1488 appare
2022 1430 2100 1475 dal
2117 1432 2211 1489 pri-

1293 1518 1368 1547 mo
1401 1503 1520 1547 libro
1552 1502 1802 1547 dell’Etica
1831 1501 2130 1548 aristotelica.

1354 2438 1381 2488 ἓ
1413 2435 1483 2477 19.
1526 2431 1728 2490 Eppero,
1763 2430 1958 2475 sebbene
2004 2428 2052 2472 la
2095 2431 2218 2471 terra

1294 2506 1344 2549 di
1379 2509 1546 2548 natura
1578 2519 1660 2548 sua
1692 2503 1880 2561 propria
1898 2500 2042 2545 tenda
2061 2498 2218 2556 egual-

1294 2580 1450 2621 mente
1482 2576 1529 2619 al
1551 2579 1711 2619 centro
1735 2589 1863 2618 come
1895 2573 1936 2616 si
1955 2572 2118 2615 diceva
2137 2570 2218 2614 nel

1293 2649 1647 2705 ragionamento
1666 2647 1775 2691 dell’
1786 2647 1978 2702 istanza,
1999 2642 2215 2698 tuttavia‚

1295 2719 1492 2764 secondo
1523 2734 1616 2763 una
1655 2718 1887 2762 cert’altra
1926 2719 2105 2771 natura,
2139 2713 2218 2757 do-

1295 2792 1516 2835 cilmente
1569 2788 1913 2834 assecondando
1960 2787 2007 2830 la
2051 2788 2219 2828 natura

1293 2862 1569 2918 universale,
1619 2861 1661 2904 si
1702 2860 1846 2903 lascia
1893 2857 2132 2902 innalzare
2163 2855 2215 2898 in

1294 2938 1425 2992 parte
1457 2948 1540 2991 per
1569 2931 1761 2976 rendere
1792 2929 2014 2988 possibile
2043 2927 2090 2971 la
2120 2941 2214 2969 me-

1295 3005 1509 3049 scolanza
1540 3003 1686 3061 (degli
1716 3001 1971 3054 elementi).
2003 2999 2111 3043 Cosi
2153 2996 2215 3039 ri-

1294 3092 1430 3120 mane
1462 3076 1590 3120 salva
1621 3075 1668 3117 10
1710 3070 2043 3117 concentricita
2088 3068 2215 3112 (10110

1293 3152 1416 3190 terra
1447 3163 1472 3189 e
1503 3145 1774 3201 dell'acqua,
1808 3159 1832 3186 e
1863 3142 1981 3185 niun
2025 3138 2213 3184 assurdo

1293 3233 1352 3261 ne
1384 3233 1521 3275 segue
1568 3231 1651 3274 per
1681 3216 1698 3258 i
1729 3214 1828 3259 veri
1874 3212 2053 3268 filosofi,
2087 3219 2215 3255 come
